981 1435
688 154 708 172 11

398 187 462 205 entium
471 192 514 211 ergo
523 187 560 211 ejus
569 186 632 210 effecit,
639 188 659 204 ut
665 186 711 205 ben*³

398 213 424 231 dit
432 212 502 237 angelo,
511 213 541 237 qui
550 218 570 231 os
576 212 611 231 Dei
620 214 663 236 erat,
672 218 711 230 mu-

398 239 440 257 laris
450 237 489 263 ejus
496 239 535 257 loco
544 238 651 262 loqueretur.

398 272 402 283 ι
415 265 437 283 de
448 265 515 283 Ioanne
523 264 613 288 nuncium,
626 270 678 289 quem
688 264 710 282 ab

398 291 457 314 aieret,
466 292 526 309 mutus
532 290 598 314 evasit;
607 296 661 314 quum
667 295 709 308 vero

398 323 443 335 §sum
451 316 525 340 videret,
538 316 607 334 locutus
616 318 648 334 est.
664 316 709 334 Ver-

398 343 460 366 Jdibat,
466 342 537 360 transiit
543 342 566 360 ad
574 348 594 360 os
603 342 656 366 idque
662 341 710 360 clau-

398 375 423 387 im
437 374 512 392 eumque
523 368 598 393 aperuit.
612 368 662 386 Idem
671 373 710 386 ver-

168 405 207 413 num
217 405 273 413 mmm
282 405 317 413 nce
325 405 388 413 „nausia
396 397 470 418 uterum,
479 400 532 419 quem
538 396 637 418 aperuerat,
644 400 666 412 ne
674 400 711 412 am-

166 421 214 445 plius
225 423 302 445 pareret,
315 423 334 439 et
342 421 400 439 denuo
412 420 482 445 aperuit
491 426 516 443 os,
528 420 574 445 quod
585 420 678 443 clauserat,
687 425 710 438 ne

166 447 242 471 amplius
248 446 365 465 clauderetur.
371 447 450 465 Deeebat
459 446 517 465 claudi
523 452 543 464 os
552 446 590 470 ejus
597 446 628 470 qui
634 445 710 470 apertio-

165 478 205 490 nem
212 473 259 491 uteri
266 472 332 491 sterilis
336 478 372 491 non
378 472 458 496 credidit,
465 474 483 490 et
489 472 562 490 decebat
568 472 627 490 claudi
633 474 709 495 uterum,

166 498 195 522 qui
205 499 291 517 Ioannem
299 500 398 523 pepererat,
405 504 428 516 ne
437 498 513 522 amplius
520 500 596 522 pareret,
604 500 625 516 ut
633 498 662 516 hic
670 498 709 516 uni-

165 524 236 548 genitus
249 530 313 549 praeco
326 525 376 543 fieret
388 524 491 548 Unigenito.
504 524 603 547 Zacharias,
617 524 647 548 qui
660 523 709 542 solus

165 550 258 573 dubitavit,
267 551 320 569 dubio
329 556 361 569 suo
370 550 441 574 generis
449 550 522 568 humani
531 550 604 568 dubium
612 549 689 568 sustulit.

216 576 253 595 Per
262 582 312 594 suam
318 576 372 600 igitur
381 576 522 594 incredulitatem
531 581 592 594 omnes
600 576 680 594 homines
688 575 709 594 fi-

165 602 205 620 dem
219 602 293 620 edocuit.
303 602 361 624 Quum
373 602 448 620 Ioannes
457 608 480 620 ex
486 608 517 620 ore
526 602 585 626 angeli
591 601 668 620 viventis
676 607 709 626 per

165 628 318 646 annunciationem
325 630 433 652 nasceretur,
442 630 492 652 patei-
501 628 589 652 spirituali
598 628 635 652 ejus
644 627 707 646 nativi-

165 654 197 672 tati
206 660 242 672 non
250 654 334 678 credidit3
343 655 362 672 at
370 654 441 678 quando
454 659 464 672 e
477 656 546 672 mortuo
554 655 605 672 utero
614 655 666 672 natus
675 655 708 677 est,

164 682 202 698 tum
215 680 282 698 carnali
290 680 328 704 ejus
337 680 426 698 nativitati
435 680 488 698 fidem
496 680 581 698 adhibuit.
590 680 658 698 Verum
667 679 709 704 quia

163 706 204 724 vivo
211 706 280 724 crinon
287 706 391 729 crediderat,
400 712 419 724 os
428 706 466 731 ejus
479 711 511 730 per
524 706 598 724 verbum
609 707 708 724 emortuum

164 734 196 750 est.
205 732 293 754 Quoniam
302 732 359 750 sterili
367 734 418 750 utero
424 732 481 756 magis
490 732 570 755 eredidit,
577 738 629 756 quam
638 732 708 756 angelo,

163 757 210 776 labia
219 758 257 782 ejus
266 758 325 777 verbis
333 758 402 776 sterilia
410 758 456 776 faeta
464 760 510 776 sunt.
520 757 578 779 Quum
588 763 628 776 eum
639 760 708 777 mutum

163 784 228 802 iactum
233 784 319 807 viderent,
323 784 430 802 festinarunt
436 785 484 802 recte
491 783 568 807 eredere,
573 784 662 802 intuentes
667 789 708 802 eum

163 810 194 834 qui
201 810 247 828 male
255 810 371 828 dubitaverat.
380 810 436 828 Labia
443 810 480 834 ejus
487 815 510 828 ex
516 809 628 828 festinatione
635 809 694 828 vei-bis
699 809 705 821 ¹

163 836 275 854 offenderunt
281 838 299 854 et
306 835 376 854 silentio
383 836 448 854 tradita
457 837 503 859 sunt,
512 837 532 853 ut
540 835 643 853 tarditatem
652 835 708 854 disce-

163 864 208 885 rent,
217 868 239 880 ne
249 864 267 880 et
276 861 307 880 alii
315 862 426 880 festinatione
436 861 550 880 offenderent.
559 861 606 883 Quia
614 861 708 880 Zacharias

163 888 184 905 de
192 888 269 906 Domino
278 893 310 906 suo
319 890 337 906 et
345 888 367 906 de
376 888 457 912 precibus
467 887 504 906 suis
513 887 629 911 dubitaverat,
635 893 708 906 necesse

163 915 207 937 erat,
216 916 236 932 ut
245 914 335 932 silentium
344 914 361 932 ei
369 914 495 938 imponeretur,
504 919 527 931 ne
539 914 579 938 quis
589 913 608 931 in
617 915 708 937 posterum

164 939 186 957 de
195 939 234 958 Deo
243 942 261 958 et
269 940 351 964 precibus
360 939 453 958 dubitaret.

216 965 261 988 Quis
269 972 324 984 unum
333 972 356 984 ex
365 965 423 984 effatis
436 965 477 989 tuis,
491 965 572 989 Domine,
585 967 644 983 mente
654 971 708 989 pene·

163 993 211 1010 trare
220 991 298 1015 poterit?
311 991 355 1010 Plus
365 993 398 1015 est,
411 991 458 1016 quod
466 991 588 1015 relinquimus,
600 997 653 1015 quam
661 991 708 1015 quod

163 1017 248 1041 capimus,
258 1017 310 1036 sicuti
319 1018 404 1041 sitientes,
411 1017 442 1041 qui
450 1017 512 1036 bibunt
521 1023 544 1035 ex
550 1017 603 1035 fonte.
613 1017 660 1035 Nam
668 1023 708 1035 ver-

163 1044 206 1062 bum
213 1043 285 1062 Domini
290 1044 344 1068 juta
349 1044 415 1062 multas
422 1043 528 1062 discentium
533 1043 655 1068 perceptiones
662 1043 708 1061 mul-

163 1071 191 1087 tos
200 1070 274 1093 praebet
282 1071 369 1094 aspectus.
376 1069 462 1088 Dominus
469 1070 543 1088 verbum
552 1075 603 1087 suum
610 1069 671 1087 multis
679 1075 708 1087 co-

162 1095 230 1114 loribus
239 1095 326 1120 depinxit,
336 1097 356 1114 ut
364 1095 445 1120 quisquis
451 1095 533 1119 disceret,
540 1095 558 1113 in
565 1095 583 1113 id
589 1095 636 1119 quod
645 1095 661 1113 ei
669 1095 708 1119 pla-

163 1123 217 1145 ceret,
223 1121 324 1146 inspiceret.
328 1122 393 1140 Varios
400 1122 492 1140 thesauros
498 1121 517 1140 in
523 1122 577 1140 verbo
586 1127 618 1139 suo
624 1120 707 1144 condidit,

205 1162 218 1176 1.
227 1161 278 1176 Locus
285 1166 305 1176 cx
313 1162 346 1177 eod.
352 1162 364 1177 B
372 1162 467 1177 emendatus.
472 1161 490 1177 In
497 1161 542 1176 textu
549 1160 590 1176 edita
597 1160 636 1175 fall·
642 1160 666 1174 ent
671 1164 706 1174 ver-

165 1180 219 1196 borum
228 1181 288 1196 divi-io.
