3268 5220
367 515 589 607 gnoscerent,
616 530 697 581 eum
723 513 851 580 natura
878 529 942 579 sua
961 505 1049 604 ipsis
1067 526 1139 579 non
1156 529 1234 580 0000
1252 505 1448 604 aequalem.

367 614 406 688 Si
433 611 527 684 enim
554 613 724 710 adspectu
750 635 813 684 suo
842 609 881 682 in
905 609 1106 708 opinionem
1132 633 1192 682 eos
1218 610 1380 706 ducebat,
1410 636 1450 686 00

290 801 294 810 ¹
366 715 454 814 ipsis
468 737 546 788 esse
560 713 754 814 aequalem,
768 714 873 788 simul
886 714 1041 790 mirabili
1054 739 1117 788 suo
1135 714 1237 814 signo
1247 737 1307 787 cos
1317 715 1451 812 docuit,

368 844 406 894 se
425 820 477 892 eis
495 843 574 893 esse
591 821 770 917 majorem.
790 819 927 891 Tacens
947 843 1074 914 aquam
1091 819 1174 891 fecit
1189 819 1322 914 vinum,
1339 826 1380 892 ut
1398 820 1452 892 di-

364 924 488 998 vinum
504 924 618 1021 ipsius
637 923 817 996 silentium
834 921 1111 996 architriclinum
1128 945 1338 1019 praeconem
1355 925 1453 996 exci-

367 1034 471 1120 taret,
481 1029 543 1123 qui
557 1026 714 1123 gaudens
726 1025 817 1099 hano
828 1025 1000 1099 laetitiam
1009 1026 1294 1100 recumbentibus
1306 1027 1453 1100 nuncia·

367 1139 432 1204 ret.
449 1132 584 1204 Vinum
601 1131 696 1202 enim
711 1137 840 1203 natura
857 1154 921 1218 sua
937 1128 1112 1202 laetificat.
1133 1129 1226 1218 Quia
1241 1129 1355 1204 celere
1373 1131 1451 1227 ejus

367 1235 572 1308 mandatum
584 1238 706 1309 vinum
721 1233 865 1329 fecerat,
878 1233 973 1329 quod
991 1233 1126 1330 saporis
1141 1233 1313 1306 suavitate
1331 1235 1452 1307 omnia

369 1337 444 1410 vini
461 1358 593 1434 genera
610 1331 817 1434 superabat,¹
836 1338 915 1409 ideo
932 1345 1077 1434 propter
1095 1337 1170 1434 ejus
1196 1339 1452 1432 praestantiam

367 1439 632 1537 interrogarunt
658 1448 694 1514 et
719 1442 976 1538 exquisierunt,
1002 1441 1081 1536 quis
1107 1440 1269 1513 dominus
1287 1447 1323 1513 et
1339 1441 1453 1516 factor

369 1545 445 1643 ejus
463 1551 567 1618 esset.

472 1649 780 1746 Triumphatorcm
798 1671 844 1721 ex
860 1647 1051 1720 certamine
1076 1647 1283 1721 redeuntem
1307 1648 1455 1746 nuptiae

368 1749 505 1825 deliciis
524 1753 596 1825 suis
613 1752 720 1827 tertia
736 1751 793 1823 die
811 1759 1038 1848 exceperunt,
1064 1759 1104 1824 ut
1121 1753 1272 1846 doceret,
1291 1760 1372 1850 post
1387 1778 1455 1850 pu·

370 1879 478 1950 gnam
495 1857 687 1931 victoribus
706 1855 874 1951 gaudiuur
890 1878 1043 1928 manere.
1058 1855 1137 1943 Qua
1149 1856 1329 1928 occasione
1348 1855 1456 1928 simul

370 1958 464 2032 clarc
481 1965 715 2033 monstratum
730 1966 794 2053 est,
809 1957 1001 2050 Christum,
1019 1959 1178 2056 quamvis
1191 1965 1232 2032 ut
1243 1960 1456 2057 peregrinus

367 2059 591 2157 invitaretur,
615 2070 735 2136 tamen
752 2063 931 2135 dominum
950 2085 1028 2135 esse
1044 2063 1259 2158 nuptiarum,
1285 2064 1369 2159 quia
1392 2064 1455 2136 de-

368 2165 499 2239 fectum
523 2168 562 2240 in
588 2166 722 2262 nuptiis
741 2190 803 2238 suo
820 2169 940 2260 verbo,
966 2167 1060 2262 quod
1086 2190 1189 2240 omne
1209 2167 1455 2264 imperfectum

368 2269 518 2365 perficit,
544 2271 742 2366 complevit.
767 2269 960 2342 Praeterea
985 2269 1157 2343 Dominus
1186 2273 1253 2344 hoc
1283 2271 1454 2344 miraculo

368 2396 441 2445 non
457 2373 563 2446 aliam
580 2374 722 2446 omnino
739 2396 815 2446 rem
833 2373 992 2468 protulit,
1012 2397 1126 2470 neque
1140 2375 1178 2446 in
1196 2375 1318 2447 eadem
1335 2399 1374 2448 re
1391 2399 1453 2449 ve·
1492 2377 1497 2384 ’

369 2476 450 2572 teri,
477 2477 580 2550 sicuti
605 2478 705 2574 prius
733 2483 820 2570 erat,
846 2477 1085 2572 operationem
1112 2503 1211 2550 suam
1237 2479 1361 2572 finivit,
1381 2501 1454 2552 non

369 2581 464 2654 enim
481 2605 608 2678 aquarn
625 2605 690 2679 pro
707 2581 789 2654 vino
808 2581 853 2652 ad
869 2580 1060 2655 bibendum
1072 2580 1129 2654 eis
1147 2582 1348 2679 proposuit,
1363 2581 1453 2655 atta-

370 2707 454 2757 men
470 2707 536 2756 nec
561 2685 702 2778 omnino
720 2692 824 2757 extra
848 2683 947 2756 illam
964 2708 1040 2758 rem
1066 2707 1232 2780 egressus
1243 2692 1314 2782 est,
1330 2685 1454 2760 vinum

369 2787 475 2883 enim,
494 2788 588 2884 quod
604 2788 698 2883 fecit,
725 2811 772 2861 ex
789 2794 907 2860 creata
923 2811 1015 2885 aqua
1030 2789 1209 2885 produxit.
1235 2791 1318 2863 Non
1338 2790 1450 2886 igitur
1469 2867 1471 2871 ,

368 2892 595 2988 peregrinam
621 2915 697 2965 rem
724 2898 879 2964 creatam
895 2891 945 2964 ibi
962 2891 1092 2985 attulit,
1119 2893 1182 2964 sed
1208 2894 1355 2966 eandem
1381 2894 1454 2990 pri-

369 3019 464 3068 mam
481 3019 558 3092 rem
574 2995 811 3089 commutavit,
828 3001 868 3066 ut
886 3017 927 3066 00
945 2995 1039 3091 quod
1056 3019 1134 3068 eam
1150 3003 1314 3091 mutaret,
1336 3005 1454 3071 osten·

338 3169 341 3174 ,
368 3098 482 3194 deret,
499 3123 537 3171 se
555 3122 633 3172 esse
651 3100 727 3196 ejus
753 3099 944 3192 dominum,
958 3106 994 3170 et
1011 3121 1052 3170 eo
1066 3099 1159 3195 quod
1172 3123 1250 3172 eam
1263 3125 1335 3173 non
1347 3102 1454 3175 aliam

369 3201 513 3297 faceret,
550 3202 803 3299 intelligerent,
839 3223 916 3273 eam
936 3224 1013 3282 non
1038 3203 1172 3299 despici
1198 3211 1234 3276 et
1258 3205 1453 3302 reprobari.

370 3305 484 3379 immo
507 3305 597 3378 etin
613 3306 682 3378 fine
700 3303 870 3402 temporis
888 3305 1033 3377 eaedem
1049 3305 1148 3402 ipsae
1165 3330 1224 3380 res
1242 3317 1380 3381 creatae
1397 3333 1454 3384 re-

369 3411 604 3502 novabuntur,
622 3409 704 3506 qnia
720 3408 895 3501 voluntas,
921 3431 1010 3504 quae
1028 3417 1271 3483 momentaneo
1288 3413 1455 3486 mandato

370 3511 460 3586 viles
486 3537 596 3609 aquas
613 3513 651 3584 in
669 3535 776 3585 suave
798 3512 920 3584 vinum
940 3513 1099 3606 mutauit,
1125 3513 1164 3586 in
1188 3514 1258 3587 fine
1284 3517 1456 3613 temporis

370 3615 532 3690 omnibus
549 3618 656 3690 rebus
674 3615 802 3689 creatis
820 3638 992 3712 saporem,
1014 3617 1112 3713 cujus
1131 3617 1278 3690 dulcedo
1296 3619 1456 3694 ineffabi-

371 3717 417 3792 lis
435 3726 499 3817 ost,
516 3719 705 3794 restituere
722 3726 849 3816 potest.
876 3718 1036 3816 Denique
1054 3722 1120 3794 hoc
1137 3722 1346 3796 miraculum
1362 3723 1457 3819 fecit,

373 3828 488 3897 utres
506 3822 597 3898 viles
622 3823 661 3897 in
686 3823 853 3897 delicatos
871 3825 1103 3919 permutando
1122 3826 1274 3922 doceret,
1301 3850 1360 3900 eas
1385 3851 1459 3900 non

374 3947 452 4000 esse
468 3934 597 4000 natura
613 3927 735 4021 malas,
755 3929 817 4001 sed
835 3942 955 4001 earum
973 3935 1167 4002 creatorem
1184 3937 1313 4003 natura
1326 3955 1390 4004 sua
1403 3955 1458 4004 sa-

374 4031 531 4127 pientem
548 4054 638 4126 esse,
651 4031 734 4130 quia
748 4031 860 4126 scivit,
872 4053 1015 4104 11000000
1034 4055 1123 4126 0000,
1140 4039 1181 4104 ut
1198 4057 1255 4106 res
1270 4035 1315 4107 ad
1330 4037 1459 4132 proba-

374 4134 507 4208 tionem
520 4141 556 4208 ct
568 4135 820 4210 correctionem
833 4142 1047 4230 crearentur,
1060 4136 1237 4232 uidelicet,
1251 4144 1291 4210 ut
1300 4138 1391 4236 justi
1408 4137 1462 4211 eis

377 4241 611 4334 probarentur
624 4246 661 4313 et
672 4246 934 4334 coronarentur,
951 4246 1233 4335 transgressores
1250 4249 1369 4315 autem
1386 4265 1464 4316 cor-

376 4340 578 4438 rigerentur
604 4351 641 4417 et
666 4343 717 4417 sic
740 4343 932 4416 utilitatem
949 4351 1124 4440 caperent.
1144 4345 1214 4434 Qui
1230 4345 1325 4419 enim
1341 4345 1464 4444 ignem

380 4447 543 4533 omnium
553 4453 835 4547 consumptorem
853 4469 916 4524 suo
933 4447 1098 4524 mandato
1116 4473 1162 4524 ex
1184 4450 1364 4547 perditore
1382 4447 1462 4524 dul-
