3330 5200
1400 414 1468 486 157

371 543 446 617 lias
462 541 526 638 sis,
545 541 609 616 alii
639 543 823 638 Ieremias,
843 539 905 616 alii
923 567 1015 617 unus
1029 565 1081 618 ex
1107 545 1292 643 prophetis
1311 585 1340 640 a,
1358 550 1399 618 ut
1418 545 1470 618 eis

359 657 362 663 “
380 647 596 739 ostenderet,
615 669 653 718 se
671 669 738 720 nec
754 647 884 740 Eliam,
902 669 968 720 nco
984 671 1095 720 unum
1113 673 1159 721 ex
1177 650 1361 746 prophetis
1379 671 1470 742 esse,

380 748 525 847 Moyses
543 757 579 822 et
596 749 695 823 Elias
711 750 762 823 eis
780 758 1035 847 apparuerunt,
1049 757 1089 823 ut
1107 750 1249 847 scirent,
1258 754 1376 849 ipsum
1390 775 1471 825 esse

380 853 573 926 Dominum
603 856 870 949 prophetarum.
901 853 1046 926 Faciem
1077 879 1177 927 suam
1194 856 1232 928 in
1249 863 1367 930 monte
1386 863 1471 928 ante

380 964 531 1029 mortem
562 957 848 1050 transformavit,
878 981 924 1028 ne
956 957 1000 1028 de
1031 958 1338 1032 transformatione
1368 958 1471 1032 faciei

379 1060 456 1156 ejus
473 1066 555 1156 post
585 1067 735 1132 mortem
767 1059 983 1154 dubitarent,
1002 1068 1038 1133 et
1069 1067 1110 1132 ut
1141 1062 1283 1155 scirent,
1302 1085 1383 1134 enm
1409 1063 1471 1157 qui

382 1161 583 1236 immutavit
600 1169 751 1255 vestem,
765 1187 835 1258 qua
852 1163 997 1236 indutus
1017 1170 1105 1258 erat,
1124 1165 1230 1236 etiam
1248 1187 1472 1261 corpusque

379 1266 532 1338 vestitus
559 1273 647 1360 erat,
665 1289 771 1362 posse
789 1265 981 1339 vivificare.
1000 1267 1071 1356 Qui
1088 1267 1182 1338 enim
1209 1267 1349 1364 corpori
1375 1267 1470 1339 inac-

372 1367 584 1442 cessibilem
602 1369 740 1442 animae
760 1367 911 1462 gloriam
930 1371 1039 1462 dedit,
1057 1376 1176 1466 potest
1192 1369 1283 1443 illud
1302 1378 1337 1443 et
1354 1369 1471 1443 vivifi·

383 1494 463 1544 care
481 1471 503 1544 a
520 1479 646 1566 morte,
664 1495 770 1566 quam
788 1495 910 1566 omnes
927 1473 1088 1546 homines
1110 1475 1315 1567 gustabunt.

484 1575 532 1647 Et
550 1574 581 1646 si
600 1575 688 1648 deus
714 1575 927 1672 peregrinus
955 1583 1010 1649 est
1032 1576 1209 1669 Christus,
1237 1599 1300 1650 cur
1326 1575 1471 1672 Moyses

381 1682 417 1748 et
434 1677 534 1750 Elias
553 1699 633 1750 oum
659 1701 701 1750 co
727 1677 993 1772 loquebantur?
1019 1679 1148 1751 Nonne
1168 1679 1332 1753 Christus
1354 1680 1384 1752 is
1404 1685 1470 1772 est,

378 1780 441 1874 qui
466 1780 617 1875 Moysen
644 1781 689 1852 ad
705 1781 817 1853 vitam
835 1787 871 1852 11
897 1781 1014 1855 Filiam
1042 1781 1085 1853 de
1108 1782 1205 1854 coelo
1231 1781 1396 1856 vocavit?
1423 1781 1471 1854 Et

380 1904 461 1953 ecca
483 1906 530 1956 ex
548 1883 659 1978 priori
676 1889 837 1979 tempore
853 1884 946 1957 Iusti
964 1908 1024 1957 eos
1042 1885 1203 1957 adduxit.
1235 1885 1274 1959 Si
1295 1893 1414 1958 autem
1432 1883 1471 1957 vi

282 2035 285 2042 n
379 1985 574 2057 ascendens
593 1985 711 2058 Eliam
729 1987 774 2057 de
793 1984 890 2058 coelo
909 1987 1069 2080 deduxit,
1087 2011 1159 2060 non
1177 1997 1231 2060 est
1247 1991 1373 2082 bonus,
1386 1987 1471 2084 quia

381 2111 428 2159 ex
445 2087 541 2162 ulnis
558 2089 651 2160 Iusti
669 2088 788 2184 rapuit
804 2088 924 2162 Eliam
943 2099 979 2163 et
995 2097 1125 2162 testem
1148 2090 1216 2164 sibi
1232 2091 1403 2166 deduxit.
1422 2091 1471 2163 Et

379 2191 410 2263 si
427 2191 549 2264 Bonus
571 2191 648 2264 sine
664 2189 765 2264 lusto
779 2191 932 2286 Moysen
949 2193 1180 2288 investigavit
1195 2195 1320 2290 atejus
1334 2195 1471 2292 potitus

379 2300 444 2386 est,
463 2294 557 2367 furto
574 2318 676 2367 reum
696 2317 733 2366 se
751 2295 846 2389 lecit,
864 2296 947 2392 quia
965 2303 1001 2369 et
1018 2319 1112 2390 ossa,
1131 2321 1221 2393 quae
1239 2298 1362 2371 Iustus
1380 2321 1402 2370 a
1418 2297 1436 2370 f
1455 2337 1469 2352 -

379 2396 431 2469 cie
449 2397 632 2470 hominurn
658 2398 852 2492 abscondit,
871 2423 918 2471 ex
937 2399 1100 2496 sepulcro
1126 2401 1220 2472 eruit
1241 2407 1277 2472 et
1303 2401 1428 2472 eduxit
1443 2400 1469 2474 ⁴.

378 2499 426 2572 Et
443 2524 552 2595 quum
570 2525 642 2574 vox
660 2501 704 2572 de
724 2501 821 2572 coelo
840 2501 963 2574 fieret:
986 2524 1000 2559 u
1018 2502 1090 2574 Hic
1103 2509 1163 2574 est
1180 2503 1275 2575 filius
1298 2525 1398 2576 meus
1416 2503 1470 2576 di-

377 2602 503 2696 lectus,
521 2603 639 2700 ipsum
657 2603 776 2676 audite
795 2643 824 2696 a,
841 2605 903 2678 ubi
920 2611 996 2677 tum
1024 2612 1101 2678 erat
1126 2605 1280 2679 Iustus?
1306 2607 1403 2680 Num
1426 2605 1470 2678 ti-
1586 2684 1593 2700 ,

377 2707 467 2778 muit
485 2713 573 2778 etse
592 2706 778 2780 abscondit
795 2713 832 2779 et
844 2731 915 2780 non
928 2708 1061 2804 prodiit
1075 2709 1471 2784 advocemilliusidut

377 2832 462 2882 num
476 2811 564 2883 haec
581 2834 653 2884 vox
670 2809 862 2904 Peregrini
887 2811 993 2884 tacite
1020 2811 1216 2908 praeteriit,
1234 2813 1321 2908 quin
1347 2812 1470 2886 Iustus

376 2913 565 2986 audisset?
584 2913 655 2988 Sed
687 2935 778 3008 ecce,
798 2937 906 3010 super
937 2913 1085 2987 tertium
1103 2915 1241 2988 eoelum
1264 2919 1330 3007 est,
1348 2921 1389 2985 ut
1415 2915 1468 2988 di·

377 3022 474 3109 cunt,
494 3023 530 3088 et
546 3016 668 3089 iustus
687 3040 827 3114 quoque
856 3041 964 3114 super
982 3017 1099 3090 coelos
1118 3024 1183 3090 est.
1210 3017 1394 3105 Quomodo
1413 3041 1468 3092 er·

380 3139 426 3212 go
451 3119 539 3191 haec
556 3143 628 3192 vox
646 3126 681 3192 et
706 3119 794 3192 hacc
820 3123 931 3194 verba
958 3144 1039 3193 eum
1066 3120 1362 3218 pertransierunt,
1381 3121 1468 3217 quin
1578 3116 1582 3122 ’

379 3242 422 3290 ea
440 3221 651 3319 perciperet,
667 3229 703 3294 et
721 3223 752 3294 si
769 3223 941 3319 percepit,
956 3247 1019 3296 cur
1037 3224 1148 3296 tacuit
1161 3224 1206 3296 ad
1225 3245 1365 3295 omnem
1377 3224 1469 3297 hano

379 3321 638 3418 gloriationem,
652 3349 742 3422 quae
762 3327 806 3397 de
826 3351 867 3399 eo
885 3328 1091 3423 praedicata
1109 3327 1193 3400 esi?
1211 3327 1372 3423 Ipsum
1397 3350 1469 3398 au·

379 3425 476 3499 dite
510 3435 554 3500 et
578 3427 770 3504 vivetis.
799 3429 1008 3528 Quicunque
1027 3453 1114 3526 ergo
1141 3431 1248 3504 aliam
1267 3452 1390 3502 vocem
1406 3454 1468 3502 au·

378 3529 442 3624 dit,
463 3539 577 3604 morte
609 3533 790 3604 morietur.
808 3535 884 3608 Aut
913 3559 998 3608 num
1030 3541 1173 3630 pactum
1204 3532 1347 3628 aliquod
1375 3533 1468 3606 inter

377 3656 416 3703 se
443 3633 612 3726 inierunt,
643 3639 683 3704 ut
719 3657 790 3705 uno
815 3641 975 3733 tempore
1003 3637 1071 3710 iste
1098 3636 1327 3732 loqueretur:
1358 3636 1470 3730 “Ego

379 3757 458 3804 sum
475 3759 496 3804 a
513 3735 688 3830 principio
707 3743 743 3807 11
769 3761 881 3831 usque
907 3740 945 3810 in
964 3739 1082 3831 finem,
1100 3762 1167 3810 neo
1193 3747 1249 3812 est
1274 3738 1376 3830 aliua,
1403 3761 1469 3810 nec

369 3859 432 3920 ,me
450 3835 561 3932 prior,
579 3859 646 3908 nec
664 3861 720 3908 me
747 3841 925 3932 posterior
938 3880 966 3933 n,
986 3842 1110 3923 etalio
1128 3847 1287 3938 tempore
1307 3840 1398 3914 alter
1417 3842 1470 3913 di-

378 3945 498 4014 ceret:
520 3939 624 4013 “Hic
641 3945 695 4010 est
712 3939 827 4012 Filius
845 3967 946 4014 meus
965 3942 1127 4036 dilectus,
1145 3943 1263 4038 ipsum
1281 3943 1401 4015 audite
1420 3943 1470 4017 a?

479 4041 538 4115 Et
565 4044 667 4116 dum
694 4042 1121 4118 descendebantde
1148 4051 1314 4137 monte,
1341 4067 1470 4142 prae-

378 4151 567 4242 ceptum
595 4145 729 4219 dedit
755 4145 835 4243 eis,
856 4154 900 4221 et
927 4147 1076 4222 dixit:
1100 4146 1287 4240 Cavete,
1313 4170 1368 4218 ne
1395 4144 1470 4218 cui

376 4247 559 4325 dicatis
578 4249 817 4326 visionem
843 4251 971 4348 hanc,
994 4247 1469 4350 quamvidistis.0ur?

352 4509 355 4513 ·
456 4479 482 4537 1.
505 4476 723 4560 11111131,
738 4487 766 4546 6.
