3330 5200
329 513 411 620 eit,
429 520 492 596 sed
510 523 624 620 prime
651 522 837 616 Iudaeum,
853 529 939 616 tuno
956 520 1165 618 prophetam
1184 526 1220 594 et
1241 527 1440 616 prostremo

312 635 326 698 ς·
351 624 538 700 Christum
557 651 594 700 se
612 627 645 698 ei
663 627 845 700 revelarit.
873 622 1095 719 Pergaeus
1113 648 1159 696 ex
1176 623 1301 698 ordine
1327 647 1440 720 usque

349 729 397 802 ad
416 729 582 826 ultimum
600 729 750 826 gradum
767 753 846 802 earn
864 729 1023 802 deduxit.
1051 727 1174 800 Primo
1192 751 1274 798 eum
1290 727 1384 801 vidit
1401 734 1442 800 ut

310 909 312 916 ,
350 831 528 906 hominem
555 833 747 926 sitientem,
765 832 848 908 dein
874 839 914 904 ut
938 831 1121 922 Iudaeum,
1142 838 1269 926 postea
1286 836 1333 904 ‘ut
1359 853 1442 927 pro-

350 933 506 1031 phetam,
525 936 678 1032 denique
697 943 737 1007 ut
754 933 881 1010 Deum.
898 933 1045 1007 Homini
1064 933 1198 1006 sitienti
1223 933 1441 1030 persuadere

351 1037 477 1131 voluit,
503 1063 525 1110 a
551 1038 684 1112 Iudaeo
710 1037 913 1124 abhorruit,
940 1036 1122 1116 duetorem
1147 1035 1394 1132 interrogavit,
1420 1060 1442 1107 a

337 1141 527 1238 propheta
544 1149 708 1238 correpta
724 1149 790 1234 est,
806 1147 846 1212 et
860 1137 1045 1214 Christum
1061 1139 1232 1214 adoravit

456 1243 549 1332 Quia
565 1243 690 1318 Iudaei
706 1251 810 1340 turpe
836 1245 1019 1338 putabant,
1037 1242 1224 1318 mulierem
1248 1241 1442 1316 Samarita-

351 1369 435 1420 nam
452 1345 490 1420 iu
507 1347 941 1437 matrimonium'sumere,
959 1345 1070 1420 Iudae
1097 1345 1303 1440 exemplum
1328 1347 1442 1419 eonsi-

350 1449 531 1542 darantes,
549 1449 611 1545 qui
628 1450 748 1524 Salam
765 1474 787 1521 a
804 1448 979 1522 Thamara
998 1447 1142 1538 amovit,
1160 1447 1292 1520 ideireo
1313 1447 1443 1522 mulier

349 1550 439 1636 haee
453 1553 599 1626 seducta
615 1551 792 1627 adulteria
809 1550 995 1642 commisit,
1008 1573 1091 1626 nam
1109 1548 1274 1634 Christus
1289 1550 1326 1622 ei·
1336 1551 1442 1624 dixit:

313 1724 316 1748 ,
351 1675 369 1710 α
387 1653 503 1742 Quem
520 1677 613 1726 nuno
630 1655 753 1746 habes,
771 1677 842 1726 non
860 1661 915 1726 est
929 1653 982 1726 vir
999 1660 1082 1726 tuus
1100 1691 1128 1728 a.
1148 1653 1196 1726 Et
1213 1652 1297 1748 quia
1314 1655 1443 1728 mulier

351 1777 418 1830 sua
434 1763 581 1854 pensata
597 1757 757 1830 confessa
775 1762 841 1850 est,
860 1756 894 1828 ei
912 1755 1161 1834 erediderunt:¹
1180 1755 1356 1851 siquidem
1382 1781 1443 1831 au-

351 1881 411 1931 res
424 1868 566 1934 nostrae
581 1859 818 1953 delectantem
834 1859 865 1932 si
878 1858 973 1930 mala
984 1859 1365 1956 panduntur,maxime
1383 1871 1444 1934 vess

350 1985 406 2054 ro,
438 1962 522 2059 quia
551 1963 731 2054 videbant,
749 1983 797 2048 ne,
825 1983 863 2036 se
893 1961 991 2056 ipsos
1022 1961 1165 2058 quidem
1202 1984 1320 2054 nosse,
1349 1963 1444 2058 quod

354 2061 521 2148 Christus
541 2065 574 2138 ei
594 2065 819 2163 patefecerat.
838 2067 1010 2138 Attamen
1025 2063 1222 2162 prudenter
1243 2064 1296 2136 ita
1312 2067 1445 2162 eogita-

354 2173 440 2240 runt
458 2175 494 2239 et
511 2168 703 2242 dixerunt:
731 2168 770 2242 Si
788 2168 857 2240 hie
887 2165 1052 2250 Christus
1085 2174 1191 2261 esset,
1208 2191 1281 2240 non
1310 2168 1348 2240 in
1378 2170 1445 2242 hae

313 2337 319 2370 ,ζ
353 2292 493 2363 unare,
513 2270 577 2344 sed
594 2270 717 2344 multis
734 2271 772 2348 io
789 2273 896 2344 rebus
913 2269 1083 2342 uirtutem
1100 2293 1201 2344 suam
1218 2277 1443 2344 monstraret.

316 2451 318 2458 ,
351 2371 545 2448 stravere
561 2374 736 2449 Dominus
755 2395 878 2446 eorum
897 2373 990 2445 votis
1018 2371 1240 2448 satisfaciens
1266 2373 1388 2447 multis
1407 2375 1445 2447 in

318 2537 320 2545 ,
354 2475 462 2547 rebus
490 2479 590 2556 suam
608 2477 780 2552 virtutem
805 2477 899 2549 inter
926 2498 986 2548 eos
1014 2475 1187 2549 exhibuit.
1215 2476 1333 2565 Quum
1358 2478 1445 2550 haee
1494 2469 1499 2492 ¹

317 2657 318 2663 ἵ
354 2578 527 2652 miracula
543 2581 717 2655 vidissent
734 2587 770 2652 et
787 2572 987 2652 mirabilem
1006 2585 1042 2649 et
1069 2579 1281 2674 stupendam
1307 2581 1445 2653 revela-

352 2679 488 2753 tionem
505 2682 647 2756 mulieri
666 2683 909 2760 Samaritanae
925 2681 1054 2754 faemm
1072 2682 1279 2776 audiissent,
1293 2683 1446 2756 occasio·

353 2806 437 2856 nem
455 2784 630 2860 irrisionis
641 2785 790 2859 ‘Iudaeis
808 2785 1096 2882 praeripuerunt,
1112 2785 1175 2881 qui
1191 2785 1321 2876 dicturi
1335 2795 1447 2880 erant,
1545 2808 1549 2815 ·

353 2885 392 2958 in
409 2886 627 2982 professione
640 2889 801 2974 mulieris
817 2887 1001 2960 adulterae
1014 2886 1122 2960 fidem
1139 2911 1262 2970 eorum
1275 2911 1353 2960 esse
1366 2889 1446 2962 fun-

314 3065 317 3071 ,
354 2987 485 3062 datam.
512 2989 712 3089 Propterea
740 2991 883 3066 mulieri
914 2991 1102 3064 dixerunt:
1129 2989 1446 3088 Non-postmo-

355 3091 459 3166 dum
485 3097 682 3192 propter
707 3089 957 3186 uerba'tua
990 3093 1228 3168 oredimus
1255 3095 1302 3167 iu
1336 3118 1446 3188 eum,

231 3219 268 3260 ⁸.
357 3196 441 3268 sed
480 3198 591 3292 quia
623 3197 897 3274 'audivimus
924 3217 1006 3270 nos
1043 3196 1307 3270 doctrinam
1343 3199 1446 3295 ejus

358 3303 404 3370 et
428 3298 635 3375 vidimus
662 3323 807 3397 opera
846 3300 958 3395 ejuS,
985 3299 1093 3396 quia
1130 3299 1255 3374 Deus
1284 3307 1367 3393 est,
1402 3305 1448 3374 at

358 3403 676 3502 eognovimus,
704 3426 802 3488 eum
828 3401 1044 3499 profecto
1073 3426 1177 3476 esse
1206 3402 1448 3482 Christum

351 3526 526 3576 serum.
552 3505 696 3578 Etenim
722 3529 830 3602 super
857 3505 1006 3578 seientia
1031 3513 1154 3580 nostra
1178 3506 1462 3588 reuomentem,
1578 3561 1581 3566 -

338 3645 339 3648 ¹
357 3604 442 3694 fidei
458 3614 601 3682 nostrae
620 3609 705 3706 poni
722 3609 888 3706 oportuit.

372 3761 373 3766 ,
461 3708 633 3786 Patres
659 3712 817 3786 nostri
855 3711 902 3783 in
926 3711 1010 3786 hoo
1045 3718 1198 3788 monte
1226 3711 1449 3786 adorare·

358 3818 480 3885 runt.
498 3813 598 3886 Haeo
616 3815 660 3888 de
678 3817 784 3902 Iaeob
803 3820 839 3886 et
856 3813 940 3886 filiis
959 3815 1035 3911 ejus
1053 3816 1155 3911 dixit,
1174 3816 1258 3912 quia
1273 3815 1312 3887 in
1329 3823 1449 3892 moute

239 3944 241 3948 ·
305 3962 307 3967 ·
359 3913 502 3986 Siohem
519 3923 581 3988 aut
597 3918 636 3991 in
654 3907 784 3992 Bethel
802 3924 864 3990 aut
881 3918 920 3990 in
937 3923 1055 3990 monte
1083 3917 1344 4014 Samgriazim¹
1368 3917 1452 4004 ador
1520 3945 1521 3948 ¹

358 4023 496 4090 rerunt.
524 4019 628 4107 Quod
654 4022 757 4095 dicit:
784 4023 881 4094 Nee
915 4020 962 4092 in
982 4021 1070 4101 ‚hoe
1096 4029 1260 4116 moute,
1295 4043 1383 4094 nee
1406 4021 1453 4100 iu

359 4119 628 4196 Ierusalem
654 4124 929 4217 adorabunt,
957 4124 1052 4198 idem
1079 4131 1136 4198 est
1161 4148 1224 4200 ae:
1253 4125 1331 4198 “In
1357 4123 1454 4198 omni

441 4383 468 4440 1.
489 4379 538 4442 sie
553 4382 584 4441 in
597 4385 730 4462 utroque
744 4385 852 4446 eodiee
876 4403 931 4462 pro
955 4388 1088 4447 Gerizim
1102 4388 1224 4470 legitur·
1246 4383 1457 4472 Probabiliter

246 4483 250 4487 ·
362 4475 425 4520 vox
438 4459 576 4524 Samaria
590 4463 660 4529 huie
673 4465 914 4529 denominatioui
926 4465 1079 4547 subjacet.
