3330 5200
238 435 275 508 in
302 459 367 510 nos
395 435 603 529 seminavit3
621 442 658 508 at
684 437 830 530 semina,
850 437 961 510 donee
979 444 1104 511 tenera
1129 437 1212 530 sint,
1232 461 1333 510 erua-

134 555 135 558 ’
237 563 316 612 mus
342 547 379 612 et
405 547 593 635 antequam
619 540 774 612 fructum
799 541 973 634 fecerint,
1001 541 1207 613 evellamus
1250 542 1334 614 Non

238 643 333 716 enim
351 645 468 716 subito
482 643 668 739 peragitur
681 643 920 737 homicidium,
935 644 998 716 sed
1012 643 1194 740 praecedit
1211 668 1331 716 aemu-

237 745 346 839 latio,
377 747 461 842 quia
489 745 653 818 inimicus
684 745 760 818 sine
792 747 867 820 suis
897 746 1006 820 armis
1037 770 1127 844 epus
1160 747 1330 844 perficere

237 849 370 946 nequit.
768 863 772 868 '
1199 913 1202 917 ,

341 952 441 1026 Siout
467 951 505 1023 in
531 950 694 1034 omnibus
720 950 928 1047 indigentiis
947 953 1051 1048 gregi
1071 976 1142 1027 suo
1159 951 1328 1024 Christus

236 1055 424 1148 consuluit,
441 1055 492 1126 ita
510 1061 545 1126 et
561 1055 672 1128 vitam
690 1054 885 1128 solitariam
910 1063 1058 1151 agentes
1068 1055 1114 1130 ‚in
1139 1056 1206 1128 hac
1233 1053 1329 1127 tristi

236 1159 435 1230 conditione
454 1157 656 1230 consolatus
671 1165 725 1229 est
743 1159 887 1232 dicens:
906 1160 997 1232 Ubi
1024 1181 1142 1230 unus
1161 1162 1244 1252 est,
1263 1156 1331 1229 ibi

237 1267 282 1333 et
299 1285 318 1334 e
329 1264 390 1358 go*
411 1285 509 1334 sum
525 1261 550 1352 ¹,
568 1285 613 1332 nc
632 1260 820 1357 quisquam
843 1285 889 1334 ex
908 1261 1077 1334 solitariis
1104 1261 1332 1333 contristare-

237 1370 305 1458 tur,
320 1366 404 1460 quia
429 1365 507 1461 ipse
526 1370 582 1436 est
609 1363 778 1459 gaudium
805 1371 967 1438 nostrum
984 1373 1020 1436 et
1043 1365 1120 1462 ipse
1147 1364 1331 1436 nobiseum

237 1473 301 1540 est.
320 1469 377 1540 Et
402 1467 483 1540 ubi
505 1467 596 1539 duo
624 1466 825 1560 sunt,ibi
852 1475 896 1558 et
923 1491 1007 1563 ego
1034 1466 1329 1564 erotMnrnltl,

237 1572 310 1665 20),
328 1573 412 1666 quia
438 1568 682 1644 misericordia
700 1576 736 1641 et
762 1571 879 1664 gratia
898 1571 976 1668 ejus
1004 1570 1107 1644 nobis
1133 1570 1330 1642 obumbrat.

238 1669 286 1746 Et
304 1676 444 1770 quando
463 1679 537 1746 tres
556 1695 691 1766 sumus,
705 1674 807 1768 quasi
820 1673 858 1747 in
876 1673 1062 1746 eeclesiam
1080 1673 1226 1764 coimus,
1241 1693 1331 1767 quac

239 1783 294 1848 est
311 1800 439 1874 corpus
460 1776 595 1850 Christi
614 1775 810 1874 perfectum
835 1783 871 1848 et
897 1777 1016 1871 imago
1043 1776 1119 1872 ejus
1147 1797 1330 1870 expressa.

240 1878 344 1966 Quod
378 1881 487 1954 dicit:
519 1878 696 1976 Angeli
722 1901 880 1952 eorum
914 1879 960 1952 in
987 1879 1140 1952 coelis
1167 1877 1333 1950 vident

238 1981 406 2058 faciem
434 1983 596 2056 Patris
623 1981 711 2056 mei
729 1981 864 2076 (Mira.
883 1985 940 2077 18,
967 1981 1332 2077 regenerationes
1372 2031 1374 2036 -

239 2107 371 2160 eorum.

343 2192 391 2264 Et
407 2191 538 2264 factum
557 2198 623 2284 est,
641 2195 682 2261 ut
696 2189 882 2263 uenientes
899 2190 935 2262 ei
951 2197 1140 2263 narrarent
1168 2188 1211 2260 de
1231 2185 1330 2260 Gali-

164 2289 166 2291 ’
238 2291 337 2388 lacis,
356 2318 505 2390 quorum
538 2293 748 2389 sanguinem
779 2285 919 2365 Pilatus
937 2293 1078 2366 miscuit
1096 2316 1176 2364 cum
1200 2289 1333 2363 sacrifi-

239 2395 303 2468 ciis
332 2420 466 2491 corum,
493 2397 629 2470 scilieet
654 2397 692 2467 in
717 2394 910 2468 festivitate
938 2398 1042 2491 regni
1068 2394 1236 2487 Herodis,
1263 2415 1333 2488 quo

239 2504 400 2596 tempore
441 2501 561 2596 gladio
592 2499 791 2595 amputavit
819 2505 927 2595 caput
953 2499 1111 2574 Ioannis.
1152 2497 1334 2572 Nimirum
1380 2561 1382 2568 .

239 2603 324 2698 quia
340 2605 493 2677 Ioannes
511 2605 642 2700 injuste
661 2608 697 2673 et
715 2611 838 2674 contra
854 2601 973 2698 legem
999 2603 1136 2674 occisus
1155 2608 1221 2694 est,
1237 2599 1335 2672 Pila·

239 2710 296 2777 tus
316 2707 514 2779 exereitum
541 2705 686 2799 collegit
705 2711 740 2775 et
766 2705 912 2778 mittens
939 2705 1097 2802 perdidit
1120 2727 1256 2793 omnes,
1274 2699 1336 2798 qui

238 2807 345 2881 simul
372 2810 522 2883 aderant
539 2811 577 2883 in
594 2808 657 2880 illo
676 2807 848 2880 convivio.
870 2808 919 2880 Et
936 2808 1020 2903 quia
1044 2807 1209 2881 Herodes
1236 2804 1335 2877 aliud

237 2909 354 2984 facere
373 2913 554 3009 nequibat,
572 2917 720 3008 propter
739 2911 969 3006 ignominiam
989 2911 1059 3006 ipsi
1077 2911 1215 2982 illatam
1242 2906 1332 2980 occi·

239 3013 293 3084 dit
319 3039 441 3088 omnes
468 3011 699 3112 praefectos²
727 3013 907 3087 exercitus
934 3013 1059 3108 Pilati,
1088 3015 1190 3108 eique
1218 3011 1332 3083 iratus

240 3123 296 3188 est
314 3141 427 3214 usque
447 3120 492 3192 ad
506 3119 599 3191 diem
608 3115 737 3214 judieii
750 3116 905 3212 Domini,
915 3117 976 3214 qui
994 3140 1100 3191 eausa
1118 3122 1196 3188 erat
1214 3136 1336 3188 recon-

241 3218 432 3294 ciliationis
450 3245 582 3296 eorum.
600 3221 770 3294 “Pilatus
797 3221 941 3294 miscuit
972 3221 1182 3316 sanguinem
1213 3240 1337 3290 eorum

225 3321 323 3397 ¹cum
355 3325 537 3400 sacrificiis
569 3349 691 3398 eorum
705 3363 734 3418 a,
753 3325 837 3418 quia
866 3324 921 3396 illi
951 3327 1163 3398 arcebantur
1190 3346 1212 3394 a
1237 3325 1336 3416 potc-

241 3433 333 3500 state
364 3429 620 3524 Romanorum,
638 3451 683 3500 ne
702 3427 908 3501 holocausta
926 3434 961 3500 et
993 3427 1165 3500 sacrificia
1190 3429 1338 3522 possent

244 3530 384 3604 offerro.
415 3534 527 3606 Novit
561 3533 721 3624 Pilatus,
748 3554 809 3602 eos
839 3530 958 3625 legem
983 3537 1229 3624 transgressos
1261 3547 1340 3598 esse

246 3639 284 3703 et
318 3633 526 3708 holocausta
560 3643 597 3707 et
632 3633 803 3710 sacrificia
838 3634 1032 3727 obtulisse,
1064 3657 1174 3728 quare
1205 3631 1243 3702 in
1277 3627 1339 3700 illo

246 3733 324 3808 loeo
344 3759 385 3808 eo
414 3745 573 3834 tempore
605 3762 665 3811 eos
697 3737 846 3830 oceidit3
874 3737 977 3809 ideo:
1003 3735 1204 3809 Miscuit
1240 3755 1336 3806 san-

247 3839 437 3932 guinem
465 3863 621 3912 eorum
648 3863 746 3912 cum
770 3861 925 3938 eorum
946 3837 1343 3931 sacrificiis(Lue.·

247 3942 371 4036 13,1).
395 3943 473 4014 Aut
500 3941 683 4016 Christum
708 3947 885 4014 tentatum
912 3948 1100 4036 venerunt,
1126 3949 1165 4014 ut
1193 3939 1259 4032 illi,
1275 3936 1338 4031 qui

324 4147 353 4202 1.
374 4146 461 4205 Haec
477 4145 574 4206 verba
588 4163 629 4204 ex
642 4147 709 4206 loco
724 4145 805 4222 apud
817 4147 918 4205 Maru.
934 4149 1043 4222 18„20,
1058 4145 1199 4222 qui‘mox
1214 4141 1335 4211 citatur,

246 4219 379 4283 deducta
394 4243 464 4284 esse
479 4227 634 4286 existimo.
1282 4297 1289 4304 ,

311 4304 355 4380 ,2.
375 4305 424 4363 Ad
437 4306 565 4366 verbum
582 4305 675 4365 vertit
688 4305 834 4366 Auchcr:
862 4304 1051 4380 “lacticosiq
1078 4303 1158 4379 quod
1173 4304 1219 4360 est
1245 4297 1339 4356 Grae-

246 4397 314 4438 cum
329 4388 471 4451 τοίκτικος.
