3268 5220
1202 372 1250 418 vlt

175 469 378 544 mentarium
410 472 448 543 iu
479 470 711 544 Diatessaron
743 471 894 565 Tatiani,
922 471 1041 546 multis
1071 476 1250 572 firmisque

175 585 362 661 rationibus
380 589 523 686 probari
542 595 668 686 potest.

270 702 464 802 Inscriptio
482 701 589 801 hujus'
606 705 723 802 operis
741 706 778 777 iu
796 705 939 778 laudata
957 708 1109 782 editione
1124 714 1254 786 Arma.

177 820 269 892 niaca
298 821 833 920 haecest:‘uEvangelii
868 828 1251 904 concordantis

177 939 459 1037 expositio,
488 941 629 1014 facta
655 966 677 1013 a
703 941 1055 1040 sllphracmO,
1084 945 1249 1019 docto-

174 1080 219 1129 re
245 1058 270 1131 S
283 1083 416 1154 yroa.
446 1059 557 1161 Cujus
583 1060 823 1159 inscriptionis
850 1061 1037 1136 veritatem
1065 1065 1177 1137 multa
1198 1067 1250 1140 in-

175 1173 269 1269 dicia,
287 1203 378 1274 quae
404 1181 442 1258 in
468 1181 545 1280 ipso
572 1205 678 1278 opere
706 1181 944 1278 reperiuntur,
963 1180 1181 1257 confirmant.
1208 1187 1251 1258 In

174 1291 233 1364 hcc
251 1295 345 1370 enim
364 1299 616 1374 commentario
634 1299 843 1397 plerumque
861 1302 987 1374 breves
997 1302 1250 1397 expositiones

171 1415 211 1488 ad
229 1417 435 1512 sententias,
466 1441 556 1514 quae
586 1417 803 1516 difficiliores
834 1417 1061 1510 videbantur,
1092 1419 1251 1515 adjectae

171 1542 258 1628 sunt,
276 1560 347 1632 qua
363 1536 527 1610 methodo
547 1561 573 1608 s.
596 1537 819 1634 Ephraemus
848 1537 955 1609 etiam
982 1535 1165 1632 antiquum
1182 1537 1250 1612 Te-

171 1659 377 1728 stamentum
398 1654 601 1750 explicavit,
620 1660 661 1726 ut
687 1677 733 1726 ex
760 1655 836 1750 ejus
855 1654 1117 1726 commentariis
1135 1655 1173 1728 in
1198 1661 1251 1728 to-

170 1795 222 1844 mo
238 1773 258 1845 I
276 1772 360 1846 etII
374 1795 523 1872 operum
541 1775 617 1872 ejus
637 1771 863 1868 syriacorum
880 1779 1038 1870 apparet.
1057 1773 1251 1847 Nonnullis
1360 1867 1363 1874 ¹

169 1891 251 1966 locis
269 1894 403 1990 prolixi
422 1917 603 1970 sermones
621 1893 732 1966 additi
751 1899 843 1988 suut,
864 1918 920 1968 ex
934 1919 987 1990 gr.
1003 1893 1046 1966 de
1065 1895 1249 1967 nativitate

168 2011 309 2086 loannis
327 2011 502 2110 Baptista,
521 2011 565 2085 de
584 2011 733 2086 muliere
753 2012 937 2108 sanguinis
966 2013 1066 2084 fluxu
1088 2011 1249 2087 laboran-

167 2137 210 2224 te,
228 2131 291 2226 qui
309 2154 431 2204 omncs
457 2131 588 2228 stylum
606 2129 812 2234 Ephraemi,
839 2130 1061 2205 celeberrimi
1080 2131 1250 2226 Syrorum

168 2250 315 2324 oratoris
333 2257 370 2322 et
386 2257 523 2346 poetae,
541 2249 712 2324 redolent.
731 2249 831 2322 Haec
860 2247 1048 2346 Evangelii
1075 2249 1250 2346 expositio

168 2369 209 2442 ab
227 2368 425 2442 eruditione
441 2369 672 2442 'Graecorum
697 2367 847 2441 Patrum
876 2367 1028 2441 multum
1055 2367 1197 2465 quidem
1215 2393 1251 2440 a·

168 2490 253 2582 best,
272 2496 308 2560 et
327 2489 468 2585 saepius
495 2511 643 2562 erronea
669 2495 705 2560 et
734 2487 895 2562 fabulosa
921 2485 1088 2580 continet,
1110 2509 1250 2559 verum·

168 2614 284 2680 tamen
302 2607 471 2680 eximiam
491 2606 626 2704 ingenii
646 2607 756 2679 aciem
789 2613 825 2678 et
843 2627 1006 2702 magnam
1025 2605 1194 2702 pietatem
1216 2615 1252 2678 et

168 2727 388 2802 sanctitatem
405 2729 559 2802 auctoris
585 2723 715 2823 prodit,
733 2749 823 2824 qnae
843 2725 961 2798 omnia
979 2725 1016 2796 in
1039 2732 1251 2796 commenta-

151 2843 230 2940 riis
247 2845 478 2942 sllphraemi
491 2845 529 2916 in
547 2870 581 2915 v.
596 2843 866 2916 Testamentum
883 2840 986 2912 facile
1008 2841 1251 2914 observantur.

266 2964 326 3036 Ex
358 2962 521 3058 singulis,
539 2984 630 3058 quae
662 2959 699 3032 in
730 2959 796 3034 hoc
828 2981 935 3055 opere
964 2982 991 3031 s.
1009 2958 1250 3054 Ephracmum

169 3087 346 3154 auctorem
375 3081 542 3173 indicant,
562 3081 676 3178 primo
694 3079 771 3152 loco
799 3075 962 3174 ponenda
980 3083 1035 3148 cst
1061 3077 1252 3174 descriptio

169 3201 383 3274 condicionis
410 3199 590 3294 ecclesiae,
608 3199 645 3272 in
671 3223 741 3295 qua
762 3203 884 3270 auctor
910 3197 1130 3288 versabatur,
1161 3221 1251 3292 quae

167 3341 198 3413 p.
215 3320 284 3392 284
303 3343 388 3394 vero
406 3328 549 3417 pastore
568 3321 692 3392 orbata
709 3315 848 3390 insidiis
869 3313 945 3412 lupi
966 3315 1097 3387 tradita
1114 3313 1254 3390 dicitur.

168 3437 269 3525 Quod
296 3437 372 3510 sine
403 3439 509 3512 dubio
539 3437 596 3509 adr
616 3437 719 3510 triste
752 3433 905 3508 schisma
931 3432 1156 3507 referendum
1187 3441 1251 3528 est,

166 3557 260 3650 quod
278 3556 316 3628 in
343 3557 492 3630 ecclesia
517 3555 701 3629 Edessena
725 3551 886 3646 invaluit,
904 3557 1091 3648 postquam
1118 3552 1252 3648 episoc-

167 3675 330 3772 pusejus
361 3674 553 3748 catholicus
580 3671 711 3744 Barses
742 3673 786 3744 ab
817 3671 1032 3767 imperatore
1049 3669 1203 3742 Valente
1221 3693 1251 3742 a.

167 3794 237 3863 364
256 3793 294 3864 in
313 3793 459 3865 exilium
476 3793 606 3866 missus
626 3798 690 3863 est.
709 3790 823 3863 Porro
850 3789 1107 3885 disputationes
1131 3796 1254 3862 contra

166 3912 427 4006 MarcionistaS,
446 3913 512 3984 toti
529 3911 629 4008 operi
656 3890 819 4003 insertas,
839 3934 865 3982 s.
888 3908 1129 4006 Ephraemum
1156 3932 1254 3982 acer-

166 4032 295 4104 rimum
313 4030 572 4104 haereticorum
587 4037 623 4103 et
640 4029 831 4127 praecipuo
845 4025 1154 4100 Marcionistarum
1172 4050 1252 4098 con-

165 4153 355 4226 futatorem
372 4149 538 4225 indicant.
565 4150 701 4244 Manita
726 4146 926 4244 frequentia
952 4143 1132 4218 monachis
1159 4141 1252 4236 data,

167 4273 293 4345 laudas
310 4273 405 4345 vitae
433 4272 602 4346 asceticae
630 4277 667 4342 et
692 4268 919 4362 monasticae,
945 4290 1035 4361 quae
1064 4285 1169 4358 saepe
1196 4283 1251 4332 re-

170 4398 328 4486 currunt,
356 4391 609 4490 sEphraemo,
634 4387 696 4486 qui
722 4387 817 4463 vitae
843 4384 1058 4460 monasticae
1085 4379 1254 4454 eximium
