3268 5220
351 437 376 484 X

354 565 369 602 a
387 543 521 616 utnon
539 543 704 638 cognovit
721 568 809 639 eam,
823 545 934 617 donec
954 545 1094 643 peperit
1107 546 1219 620 filium
1238 571 1341 620 suum
1361 547 1433 644 pri-

352 663 566 758 mogenitum
582 702 609 736 η.
629 662 699 734 Sed
717 663 781 734 hac
799 664 842 736 de
861 688 899 737 re
927 665 1101 760 singulari
1128 665 1377 739 dissertatione
1395 691 1434 738 u·

352 779 483 874 berius,
500 779 576 852 Deo
589 780 748 876 juvante,
762 781 930 877 dicturus,
949 784 1168 884 argumentis
1185 787 1289 858 modo
1307 787 1344 858 in
1361 811 1435 859 me-

354 897 451 970 dium
477 898 624 994 prolatis
651 899 737 972 satis
763 901 988 975 confirmasse
1025 902 1200 998 existimo,
1227 903 1320 976 hunc
1346 929 1373 977 s.
1388 907 1436 978 Ε-

287 1025 291 1030 ’
352 1019 512 1115 phracmi
554 1019 842 1093 commentarium
878 1027 1015 1093 textum
1059 1021 1268 1094 Dialessari‘
1293 1023 1437 1096 Tatiani

352 1138 545 1233 continere,
566 1146 602 1212 et
617 1140 708 1212 hanc
733 1143 776 1214 ob
803 1163 944 1214 eausam
970 1141 1117 1215 maximi
1144 1165 1223 1216 esse
1246 1144 1436 1217 aestiman-

353 1257 447 1358 dum.
467 1259 604 1351 Restat,
618 1268 658 1362 ut
670 1259 714 1332 dc
732 1259 838 1354 fonte,
853 1261 945 1334 unde
964 1262 1178 1335 Armeniaca
1196 1259 1312 1335 versio
1329 1259 1439 1358 hujus·

352 1377 471 1472 operis
489 1402 515 1450 s.
529 1380 719 1476 Ephraemi
742 1379 779 1452 in
796 1381 910 1453 lucem
928 1381 1070 1478 prodiit,
1088 1389 1124 1456 et
1146 1383 1189 1454 de
1212 1379 1341 1454 Latina
1359 1380 1436 1474 ejus

353 1496 597 1591 translatione,
614 1495 704 1594 qtae
723 1499 760 1572 in
785 1499 852 1574 hoc
868 1499 959 1572 libro
978 1499 1188 1594 continetur,
1207 1523 1320 1600 pauca
1343 1498 1437 1572 dica-

357 1636 444 1686 mus.

876 1971 932 2044 ΙΙΙ

434 2217 894 2269 ῩΕΚΒΙΟιΑΒΜΕΝΙΔΟΔ
929 2220 978 2266 ΕΤ
1015 2219 1183 2268 LATINA
1223 2217 1361 2268 HUJUS

557 2351 893 2400 ‘conununanrr
921 2353 947 2401 s,
976 2323 1218 2402 nrundnur.

459 2563 596 2636 Textus
614 2564 787 2636 versionis
814 2563 1047 2638 Armeniacae
1073 2565 1179 2661 hujus
1205 2563 1323 2660 operis
1347 2587 1374 2636 s.
1392 2561 1440 2635 Ε-

358 2681 518 2776 phraemi
536 2705 583 2754 ex
601 2683 844 2779 Manuseripto
861 2683 1072 2756 Armeniaca
1099 2682 1304 2756 monasterii
1326 2681 1454 2756 s.'La-'

360 2801 434 2874 zari
452 2801 659 2899 desumptus
678 2809 744 2895 est,
763 2791 893 2898 scripto
912 2801 950 2873 in
967 2801 1180 2874 monasterio
1197 2800 1331 2874 Halbat
1347 2825 1441 2874 anno

296 2950 298 2960 ·
358 2923 595 2997 Armenorum
613 2923 683 2994 644
701 2923 723 2994 i.
743 2945 773 2994 e.
795 2924 887 2994 1195
906 2927 987 3020 post
1008 2919 1202 3016 Christum,
1219 2919 1313 2992 utin
1332 2919 1440 2992 adno-

358 3041 491 3114 tatione
508 3042 546 3114 in
562 3043 631 3116 fine
650 3042 727 3138 ejus
754 3041 892 3138 adjecta
909 3047 944 3113 et
970 3039 1008 3111 in
1034 3039 1250 3138 praefatione
1278 3037 1441 3111 editionis

361 3161 594 3232 Anneniacae
608 3167 690 3232 tom.
704 3161 734 3254 I,
749 3184 782 3256 p.
798 3161 818 3230 'l
846 3158 979 3230 dictum
997 3164 1061 3230 est.
1081 3157 1151 3232 Hic
1167 3157 1280 3231 codex
1297 3155 1335 3228 in
1356 3179 1443 3228 non-

359 3277 469 3350 nullis
497 3277 584 3350 locis
610 3277 742 3375 partim
768 3283 906 3373 ruptus,
934 3276 1063 3376 partim
1091 3275 1220 3349 oblitus
1248 3281 1321 3367 est,
1347 3272 1470 3362 unde.

359 3395 492 3470 multae
519 3397 678 3490 lacunae,
704 3419 793 3492 quae
826 3397 981 3471 intentu
1008 3396 1181 3492 impresso
1206 3393 1445 3490 reperiuntur,

360 3522 504 3588 exortae
524 3522 615 3588 sunt.
633 3515 693 3588 Ad
710 3517 804 3588 hunc
822 3517 987 3610 codicem,
1001 3513 1113 3612 quiin
1130 3513 1198 3586 isto
1214 3513 1306 3586 libro
1329 3510 1443 3585 codex

361 3634 624 3732 Aappellatur‚
650 3634 786 3707 accedit
813 3635 914 3727 alter,
942 3634 1073 3708 ibidem
1099 3631 1212 3704 codex
1229 3631 1260 3704 B
1279 3629 1445 3725 designa-

360 3759 429 3846 tos,
448 3754 491 3825 de
511 3777 580 3850 quo
598 3754 636 3828 in
661 3760 855 3848 memorata
879 3753 1097 3852 praefatione
1125 3751 1289 3826 editionis
1315 3749 1445 3824 Arme-

360 3871 481 3942 niacae
499 3895 645 3970 operum
663 3899 690 3947 s.
704 3873 897 3971 Ephraemi
914 3897 948 3969 p.
974 3874 994 3943 'l
1014 3873 1102 3945 haec
1133 3871 1226 3944 dieta
1252 3868 1444 3964 leguntur:

342 3992 343 3996 ’
364 4011 378 4046 u
396 3989 514 4086 Prope
532 3991 637 4066 finem
656 3987 899 4089 impressionis
916 3989 1203 4089 “Explicationis
1225 3984 1443 4081 Evangelii„

364 4133 378 4167 s
396 4133 417 4182 a
435 4111 511 4184 viro
530 4113 681 4210 quodam
699 4111 866 4206 religioso
884 4110 981 4183 aliud
1000 4109 1184 4207 exemplar
1203 4107 1247 4180 ad
1274 4129 1338 4178 nos
1364 4127 1446 4202 per·
1471 4157 1472 4161 η

360 4229 469 4322 venit,
488 4231 582 4327 quod
599 4255 620 4302 a
638 4255 666 4304 s.
681 4233 833 4306 Nersete
851 4229 1110 4327 Lampronensi
1128 4227 1299 4300 divinitus
1317 4221 1446 4294 consti-

362 4356 438 4422 tuto
469 4350 733 4448 archiepiscopo
764 4349 909 4451 propria
934 4373 1041 4422 manu
1076 4345 1314 4442 conscriptum
1341 4346 1396 4414 est
1417 4379 1446 4420 n,-

362 4465 396 4539 ὃ.
412 4467 549 4541 Nerses
572 4469 650 4566 ipse
682 4467 719 4541 in
749 4469 817 4542 fine
847 4449 979 4540 codicis
1008 4469 1098 4541 hanc
1128 4463 1392 4540 adnotationem
1409 4459 1447 4533 in
