3344 5200
374 418 443 487 206

371 547 464 619 dixit
491 545 617 645 Judae,
634 569 740 641 quem
770 541 957 639 Dominus,
988 545 1116 618 famem
1148 541 1319 640 pecuniae
1340 541 1388 635 ,in
1419 562 1462 610 eo

268 683 271 688 ¹
371 649 605 744 conspicatus,
623 656 803 743 tamquam
820 645 1118 738 goeeonomum'et
1145 645 1277 718 sacculi
1303 650 1462 742 portato-

370 775 457 844 rem,
474 752 645 848 pecuniae
677 751 939 846 dispensandae
971 749 1156 847 praefecit,
1187 757 1227 821 ut
1259 747 1463 843 satiaretur,

371 877 436 926 neo
454 861 600 950 propter
620 854 806 950 pecuniam
824 855 925 928 fieret
942 853 1102 926 traditor.
1121 852 1348 949 Expediebat
1368 849 1465 921 enim

371 981 453 1029 eum
475 957 587 1029 furari
605 963 804 1053 argentum,
819 979 925 1053 quam
942 964 1136 1050 creatorem
1151 954 1292 1050 argenti
1308 953 1463 1025 tradere.

372 1059 442 1133 oei
461 1060 556 1132 enim
574 1060 650 1132 illio
676 1081 765 1155 opus
791 1067 869 1134 erat
894 1059 1073 1132 sacculum
1089 1059 1114 1154 ¹,
1132 1054 1192 1134 ubi
1214 1061 1358 1156 praesto
1385 1064 1464 1127 erat

372 1163 583 1252 miraculum
614 1164 770 1259 quinque
802 1186 933 1259 panum
963 1185 1186 1258 azymorum,
1217 1168 1279 1234 aut
1309 1159 1385 1230 vini
1415 1180 1463 1229 ex

372 1271 547 1360 aqua,aut
564 1265 712 1338 remedii
730 1265 805 1340 dati
822 1265 933 1338 oculis
951 1263 1016 1337 filii
1030 1265 1169 1338 Timaei
1177 1264 1204 1358 ²,
1214 1271 1275 1336 aut
1293 1261 1384 1334 illud
1397 1259 1464 1331 mi·

373 1367 544 1461 raculum,
564 1367 658 1464 quod
686 1367 891 1443 factumest
916 1368 954 1440 in
973 1370 1157 1450 exactione
1179 1361 1464 1440 didrachmatis?

375 1493 391 1528 s
409 1469 532 1542 Nolite
551 1471 720 1565 gaudere,
739 1471 800 1566 ait,
817 1471 912 1568 quod
930 1472 1120 1545 daemones
1141 1471 1244 1545 vobis
1272 1466 1464 1565 subjiciun-

372 1579 431 1646 tur
444 1613 474 1664 η,
505 1573 589 1670 quia
615 1581 651 1646 et
676 1575 700 1646 J
702 1574 790 1647 udas
816 1574 1007 1648 iscariotes
1033 1575 1224 1646 daemones
1263 1571 1377 1668 ejecit,
1400 1569 1465 1640 sed

374 1698 390 1731 e
407 1675 571 1770 gaudete,
585 1677 679 1772 quod
693 1677 837 1773 nomina
848 1685 970 1752 vestra
988 1678 1122 1774 scripta
1139 1683 1223 1750 sunt
1235 1677 1273 1749 in
1287 1673 1397 1747 coelis
1409 1669 1464 1764 »ἢ

371 1778 396 1850 J
397 1779 486 1851 udas
505 1781 797 1878 autem,scriptus
816 1789 895 1854 erat
912 1781 949 1852 in
966 1788 1063 1854 terra
1076 1803 1155 1853 cum
1174 1773 1467 1876 crucifigentibus

374 1880 579 1957 Dominum.
799 1877 803 1886 ’

416 1993 424 2012 ’
477 1985 592 2058 Judas
611 1985 801 2058 daemones
830 1985 980 2082 expulit,
998 1993 1038 2058 ut
1064 1985 1141 2082 ipse
1168 1983 1313 2057 Domini
1340 1981 1466 2057 adrer-

374 2086 491 2158 sarius
510 2087 658 2182 collegis
677 2089 751 2161 suis
770 2089 1039 2163 crucifixoribus
1058 2089 1265 2185 explicaret,
1282 2111 1368 2184 num
1393 2085 1468 2158 Do·

372 2189 492 2261 minus
510 2213 595 2262 vere
622 2213 688 2286 per
705 2191 889 2266 Belzebub
916 2193 1117 2288 expelleret
1143 2193 1346 2284 daemones,
1364 2196 1401 2261 et
1425 2193 1468 2285 nt

372 2291 524 2364 traditor
538 2293 825 2388 contunderetur,
840 2294 870 2368 si
883 2295 1073 2367 daemones
1087 2295 1216 2391 ipsum,
1229 2293 1360 2388 quitur
1378 2299 1468 2384 erat,

374 2393 543 2466 timerent
562 2403 597 2467 et
617 2396 770 2492 exirent,
779 2421 891 2494 >quum
910 2397 968 2471 fur
981 2399 1122 2492 argenti
1140 2397 1321 2470 dominmn
1338 2419 1467 2490 argen-

374 2496 402 2568 ti
419 2521 491 2596 non
509 2498 661 2572 timeret.
680 2501 851 2573 Attamen
869 2501 1032 2574 fortassis
1057 2501 1145 2573 haec
1162 2497 1353 2596 perpendit
1370 2498 1468 2572 ideo-

372 2624 445 2695 que
465 2599 632 2696 laqueum
652 2603 720 2676 eibi
738 2597 861 2700 injecit
878 2611 914 2676 et
933 2627 971 2676 se
999 2603 1185 2700 suspendit
1198 2602 1224 2675 ²⁸.
1243 2602 1291 2678 Et
1308 2625 1353 2674 ne
1372 2601 1467 2674 dice·

374 2710 466 2796 rent,
489 2703 679 2778 Dominum
710 2706 917 2780 traditorem
963 2703 1031 2780 eibi
1062 2707 1215 2801 elegisse
1249 2704 1468 2802 discipulum

374 2805 481 2902 idqu'e
500 2807 697 2902 ignorasse,
712 2809 822 2881 dixit:
844 2809 977 2883 eUnus
996 2832 1042 2882 ex
1054 2810 1154 2884 vobis
1167 2809 1331 2882 diabolus
1346 2816 1402 2881 est
1414 2804 1467 2900 22³,

375 2933 503 2982 nomen
521 2912 546 2984 J
546 2911 636 2983 udae
664 2911 780 2984 adhuc
799 2911 929 3008 celone,
947 2936 992 2986 ne
1011 2936 1092 2986 enm
1110 2912 1321 3006 diffamaret,
1340 2911 1371 2985 si
1391 2909 1467 2984 vel·

375 3009 427 3084 let
452 3013 708 3109 poenitentiam
734 3037 853 3110 agere.
874 3014 992 3103 Quum
1016 3013 1067 3089 eis
1093 3016 1203 3113 pedes
1229 3015 1377 3107 lavaret,
1394 3035 1469 3085 non

375 3114 459 3187 fecit
485 3115 625 3190 initium
644 3141 665 3189 a
684 3117 838 3211 Simone,
865 3118 1026 3215 principe
1054 3118 1320 3214 discipulorum.
1348 3118 1467 3206 Quum

376 3219 475 3290 enim¹
490 3219 658 3317 princeps
676 3222 887 3317 angelorum
905 3219 1026 3294 illieo⁶
1044 3221 1189 3318 reliquit
1205 3222 1375 3294 honorem
1390 3217 1467 3313 glo·

374 3321 449 3394 riae
477 3345 573 3417 suae,
600 3324 775 3419 quomodo
802 3325 969 3420 princeps
1009 3325 1263 3420 discipulorum
1289 3323 1328 3394 in
1354 3321 1469 3417 gradu

375 3424 520 3498 honoris
539 3425 594 3497 sui
612 3427 788 3522 potuisset
806 3424 1027 3500 consistere?
1045 3429 1173 3500 Nonne
1191 3425 1309 3524 potius
1324 3423 1468 3499 didicis·

376 3532 431 3598 set
448 3527 581 3599 imitari
597 3529 796 3626 principem
815 3531 1023 3628 angelorum
1037 3527 1084 3602 ⁷?

456 3777 482 3830 1.
503 3774 767 3850 Suointetltgitor:
786 3776 869 3832 anisi
885 3778 905 3834 J
908 3777 984 3836 udae
1000 3777 1227 3839 emendandos.

454 3852 482 3906 2.
509 3851 608 3910 Maec.
626 3855 672 3923 10,
687 3857 734 3912 46.

456 3931 483 3986 3.
504 3929 579 3987 nuc.
595 3933 641 4004 10,
656 3933 702 3990 ao.
1461 3985 1464 3992 .

454 4009 481 4064 4.
495 4004 686 4068 -Sioin'ood
710 4011 745 4083 B,
760 4011 812 4069 ubi
836 4011 988 4088 particula
1011 4014 1184 4088 negationis
1209 4014 1305 4072 deest.
1332 4011 1467 4070 sexeum

378 4083 445 4143 eod.
460 4086 623 4150 AAueher
645 4087 689 4146 ita
713 4088 833 4148 reddit:
862 4091 1034 4152 “Fortasse
1058 4109 1121 4152 non
1145 4092 1326 4152 memorarit
1349 4089 1408 4148 hoo
1435 4091 1468 4146 et

377 4161 727 4303 seipspmlsuffopapilta.

476 4283 483 4298 .
522 4260 589 4300 orn.
690 4285 696 4300 .

455 4321 483 4377 6.
495 4285 697 4398 Subintellige
709 4345 716 4382 ι
728 4322 858 4391 Quando
867 4324 906 4384 ad
917 4325 1045 4402 gloriam
1053 4327 1242 4404 principatus
1253 4325 1381 4384 erectus
1390 4323 1468 4381 erat.
1485 4388 1489 4395 ¹

457 4399 483 4455 7.
504 4398 554 4456 Ad
567 4399 715 4461 verbum:
730 4402 790 4464 Sed
803 4403 905 4480 potius
931 4403 1035 4464 datum
1050 4405 1078 4463 ei
1101 4408 1197 4478 esset,
1222 4402 1333 4464 imitari
1356 4398 1470 4480 princi-

375 4491 445 4552 pem
467 4476 656 4550 augelorum·
696 4479 701 4482 ’
1321 4483 1324 4492 ’
1415 4485 1418 4492 ’
