3302 5186
1226 399 1298 471 205

206 525 447 600 Romanorum
475 524 607 598 subditi
634 532 746 600 erant.
775 523 847 600 Sed
866 524 1039 598 Dominus
1057 526 1166 622 venit,
1188 533 1224 600 et
1250 528 1298 598 si-

207 628 287 722 gnis
306 629 380 702 suis
398 627 564 725 regnavit
580 635 616 700 et
633 635 729 700 totus
755 629 909 700 mundus
928 651 1010 701 eum
1033 637 1205 726 sequutus
1231 638 1297 724 est.

207 730 384 825 Forsitan,
403 727 579 828 inquiunt,
598 731 743 804 audient
761 739 898 826 gentes,
917 732 1011 827 quod
1028 755 1094 806 rex
1113 733 1165 805 eis
1190 739 1298 806 natus

206 843 271 930 est,
290 835 373 929 quia
398 836 510 912 filium
538 835 656 908 David
682 858 763 906 eum
789 843 970 928 vocarunt,
998 842 1035 907 et
1060 859 1131 908 non
1158 843 1297 908 tantum

206 961 287 1010 eum
305 938 356 1008 ita
373 948 556 1032 vocarunt,
575 938 639 1010 sed
658 945 694 1009 et
710 937 901 1012 voluerunt
918 961 999 1009 eum
1024 961 1151 1034 rapere
1180 948 1215 1010 et
1241 963 1298 1032 re-

205 1064 287 1135 gem
307 1041 540 1135 constituere.
568 1041 806 1130 Quamobrem
832 1041 1020 1112 dicebant:
1036 1061 1057 1097 s
1079 1039 1226 1134 Cavete,
1252 1063 1298 1112 ne

206 1143 359 1216 Romani
376 1143 521 1218 veniant
539 1151 574 1224 et
593 1144 780 1218 destruant
796 1146 920 1216 urbem
940 1149 1098 1218 nostram
1123 1151 1159 1217 et
1184 1167 1298 1240 popu·
1380 1222 1385 1231 1

207 1243 283 1318 luni
301 1253 462 1320 nostrum
479 1285 509 1322 n.
656 1303 660 1312 ·
955 1339 959 1344 ‚

311 1351 465 1424 Simon
491 1349 720 1448 leprosus
749 1347 893 1444 (Mnus.
921 1352 978 1441 26,
1004 1349 1055 1442 6)
1082 1348 1235 1422 credidit
1264 1357 1301 1422 et

206 1449 379 1526 Dominus
412 1453 445 1524 ei
474 1453 660 1547 benefecit,
678 1459 714 1525 et
731 1476 796 1548 per
822 1451 929 1524 fidem
961 1460 997 1526 et
1026 1447 1298 1526 beneficentiam

203 1553 305 1652 lepra
323 1555 472 1650 aufugit.
492 1557 677 1645 Quomodo
704 1555 798 1628 enim
825 1553 983 1651 lepram
1006 1578 1153 1652 corpore
1185 1556 1300 1631 Sime-

203 1657 259 1729 nis
278 1682 488 1754 permanere
507 1665 658 1755 poterat,
675 1659 738 1756 qui
755 1657 1020 1754 purificatorem
1036 1657 1159 1754 leprae
1181 1659 1220 1731 in
1238 1659 1300 1732 do-

203 1783 260 1833 mo
290 1785 355 1835 sua
381 1763 645 1834 recumbentem
671 1760 792 1836 vidit?
820 1759 938 1848 Quum
963 1761 1120 1834 humana
1160 1760 1299 1834 Christi

203 1870 334 1936 natura
354 1863 392 1936 in
414 1863 517 1936 domo
544 1864 700 1938 Simonis
727 1865 960 1956 recumberet,
978 1863 1099 1936 divina
1125 1863 1163 1935 in
1189 1863 1296 1936 corde

204 1966 280 2062 ejus
298 1967 483 2061 habitauit,
503 1966 594 2039 sicut
613 1967 703 2039 etin
721 1965 865 2039 Simone
884 1966 1085 2061 cognomini
1100 1966 1127 2038 ¹.
1143 1967 1192 2040 Et
1209 1989 1298 2063 quo·

203 2070 309 2140 modo
334 2076 475 2142 mortua
501 2069 604 2165 lepra
629 2069 745 2166 potnit
770 2092 981 2166 permanere
1009 2076 1091 2141 ante
1118 2069 1298 2142 Lazarum

203 2179 394 2266 mortuum,
408 2171 469 2268 qui
482 2173 682 2247 vivificatus
702 2181 757 2246 est
776 2180 811 2247 et
830 2172 1059 2246 resurrexit?
1080 2195 1095 2230 α
1113 2173 1152 2246 Si
1169 2173 1300 2246 fuisses

203 2275 274 2369 hic,
302 2275 412 2372 ajunt,
439 2276 549 2349 irater
571 2281 694 2348 noster
720 2301 792 2348 non
818 2282 914 2348 esset
939 2282 1101 2348 mortuus
1119 2275 1173 2350 22⁹.
1200 2277 1300 2368 Ergo

204 2379 381 2474 quomodo
408 2379 510 2476 lepra
535 2379 698 2452 laborare
719 2385 861 2476 poterat
888 2378 1021 2472 Simon,
1039 2402 1149 2473 quum
1176 2377 1300 2474 purifi·

204 2489 301 2555 catur
318 2481 440 2578 leprae
459 2482 497 2552 in
515 2482 617 2553 domo
635 2481 749 2576 ipsius
767 2483 999 2573 recumberet,
1015 2488 1052 2560 et
1068 2481 1246 2576 quomodo
1261 2481 1300 2568 in

205 2583 328 2666 eadem
345 2605 470 2656 mensa
488 2607 565 2656 esse
584 2590 750 2679 poterant
764 2584 877 2657 virtus
895 2583 1032 2678 lepram
1047 2582 1244 2678 expellens,
1264 2589 1301 2662 et

202 2685 503 2786 leprafugitiva?
522 2687 687 2760 Forsitan
706 2686 801 2757 idem
820 2685 949 2777 evenit,
963 2687 1058 2781 quod
1077 2686 1120 2757 de
1140 2685 1300 2762 Zachaeo

201 2789 362 2886 principe
392 2790 663 2886 publicanorum
694 2788 848 2882 legitur,
880 2789 937 2860 cui
968 2789 1144 2862 Dominus
1183 2790 1298 2882 dixit:

205 2914 220 2948 α
238 2891 356 2964 Hodie
384 2892 482 2964 salus
499 2893 591 2979 facta
608 2899 663 2963 est
680 2891 763 2964 huic
781 2891 901 2962 domui
918 2929 933 2965 n
949 2889 976 2962 ⁵.
999 2891 1071 2964 Pro
1091 2915 1155 2963 sua
1178 2891 1299 2989 hospi-

204 2995 342 3069 talitate
365 2993 565 3067 mercedem
583 2994 718 3091 accepit
735 2993 1027 3092 purificationem.

308 3099 366 3170 Et
392 3096 648 3170 consilium
688 3105 921 3195 ceperunt
946 3097 1196 3194 principes
1234 3121 1297 3170 sa-

205 3201 460 3295 cerdotum,
486 3208 536 3273 nt
563 3200 856 3273 etLanarum
883 3200 1161 3274 occiderent
1180 3201 1297 3297 (Ionis.

205 3305 349 3398 12,10).
378 3303 450 3377 Sed
467 3305 527 3376 lex
549 3304 734 3401 praecipit,
748 3311 799 3396 ut,
818 3304 880 3400 qui
898 3303 1037 3396 occidit,
1056 3303 1240 3377 moriatur.
1259 3304 1299 3378 Si

203 3414 323 3482 autern
348 3407 444 3482 hunc
461 3407 632 3501 occiditis,
652 3432 771 3480 nonne
791 3405 957 3481 Christus
985 3415 1103 3503 potest
1131 3431 1212 3479 eum
1238 3407 1299 3483 de.-
1412 3439 1413 3444 ¹

203 3532 274 3582 nuo
291 3511 502 3584 vivificare?
521 3512 649 3584 Nonne
666 3511 786 3608 potius
801 3534 864 3583 vos
883 3511 1010 3584 timere
1033 3513 1230 3608 oportebat,
1254 3534 1299 3582 ne

202 3615 352 3686 uerbum
378 3611 475 3686 illius
493 3614 565 3686 oris
583 3639 647 3688 vos
666 3615 853 3706 occideret,
873 3613 967 3709 quod
985 3614 1162 3686 Lazarum
1188 3612 1226 3684 in
1244 3613 1298 3685 vi-

204 3722 278 3784 tam
305 3715 512 3787 revocavit?
532 3717 602 3789 Sed
621 3726 657 3789 et
680 3717 770 3789 Cain
796 3717 957 3812 putavit:
988 3717 1213 3790 “Hominem
1241 3738 1298 3786 oo-

204 3816 282 3889 cido
301 3824 337 3889 et
355 3817 629 3914 Deumdecipio
646 3859 673 3892 a.
702 3820 818 3892 Homo
846 3819 982 3890 occisus
1011 3826 1075 3912 est,
1095 3819 1179 3914 quia
1204 3841 1298 3890 mor-

203 3919 299 4014 talis,
318 3921 418 3992 Deus
436 3927 555 3992 autem
573 3944 644 3992 non
664 3929 719 3993 est
736 3921 917 4018 deceptus,
936 3917 1019 4017 quia
1037 3921 1240 3994 omniscius.

310 4023 477 4096 Potuit
511 4023 790 4096 venumdari
834 4031 1129 4119 unguentum
1168 4021 1299 4094 istud

205 4127 443 4200 trecentis
467 4123 681 4201 denariis
710 4127 876 4200 etdari
898 4125 1299 4226 pauperibusfloe

286 4318 313 4373 1.
335 4313 382 4373 Of.
396 4313 471 4373 Luc.
482 4316 510 4387 2,
525 4317 574 4374 26.

220 4465 225 4474 ι
282 4395 311 4452 2.
332 4391 379 4451 Of.
394 4392 480 4452 Ionn.
497 4396 543 4469 11,
558 4395 606 4453 21.

252 4472 257 4480 ”
282 4473 311 4528 3.
333 4471 406 4530 Luc.
424 4475 469 4546 19,
485 4474 513 4530 9.
