3350 5178
372 372 441 442 184

373 508 462 596 gunt
480 501 641 573 ‘alterum
659 499 792 572 dictum
807 503 821 570 ε’
837 523 851 556 s
870 499 958 572 Viro
977 498 1117 571 cuidam
1147 505 1224 570 erat
1250 497 1402 572 ficulnea
1428 497 1465 571 in

372 605 479 697 vinea
496 625 560 675 sua
575 605 599 695 ¹,
610 612 645 674 et
663 610 852 698 utrumque
871 601 916 672 ad
933 602 1058 674 urbem
1076 600 1272 676 Ierusalem
1296 601 1465 674 referunt.

372 705 443 779 Sed
463 706 731 800 si'Ierosolyma
755 713 820 796 est,
840 728 883 776 ex
913 727 983 798 qua
1005 704 1182 800 quaesivit
1207 704 1372 797 fructum,
1391 727 1466 796 cur,

374 831 482 904 quum
500 815 641 904 tempus
660 831 731 879 non
750 815 944 902 essetque
962 807 1064 889 daret
1081 807 1229 900 fructus,
1247 808 1313 881 sub
1339 805 1465 902 imagi*
1525 815 1528 818 ’

372 933 418 982 ne
437 911 525 983 licus
544 907 576 983 ei
602 910 805 1002 maledixit,
817 910 1173 983 utsub'verteretur?
1200 909 1298 983 Etsi
1323 916 1466 1005 tempus

370 1014 449 1110 ejus
464 1035 539 1084 non
557 1019 644 1105 erat,
663 1011 837 1108 quomodo
863 1011 1077 1108 intelligitur
1103 1014 1252 1087 verbum
1273 1011 1462 1110 Apostoli:

372 1137 391 1173 u
409 1116 453 1188 In
479 1116 548 1188 fine
575 1123 773 1211 temporum
802 1115 901 1186 misit
926 1115 1025 1188 Deus
1053 1116 1185 1188 Filium
1213 1139 1316 1188 suum
1334 1113 1387 1188 22².
1416 1113 1464 1188 Et

374 1241 483 1314 quum
498 1218 675 1291 adventus
694 1217 883 1311 Unigeniti
901 1225 1061 1315 tempore
1079 1211 1281 1315 opportuno
1302 1217 1380 1311 fine,
1399 1239 1464 1289 our

370 1320 460 1393 licus
477 1327 636 1418 tempore
655 1320 1110 1394 fructibus'inconvenienti
1136 1328 1361 1417 comparatur
1383 1341 1464 1392 curn

372 1423 460 1517 urbe
479 1424 689 1516 Ierusalem,
703 1423 759 1495 cui
777 1430 918 1520 tempus
937 1423 1110 1496 fructibus
1130 1422 1345 1496 conveniens
1364 1421 1463 1495 erat?

331 1527 333 1535 ’
370 1527 541 1598 Attamen
568 1526 736 1622 majorem
776 1549 921 1621 operam
961 1523 1190 1600 adhibeamus
1217 1526 1255 1597 in
1282 1525 1350 1598 isto
1386 1523 1464 1624 loeo

371 1627 587 1724 Scripturas,
606 1652 739 1724 exque
766 1628 978 1700 solutionem
1004 1636 1147 1702 nostrae
1174 1627 1393 1723 quaestionis
1410 1625 1463 1698 in-

372 1731 566 1803 veniemus.
595 1732 686 1804 Ecce
714 1730 757 1802 de
785 1730 937 1803 Domino
964 1733 1088 1805 urbem
1115 1731 1313 1804 Ierusalem
1344 1730 1463 1824 ingre-

371 1831 490 1906 diente
509 1834 682 1930 scriptum
700 1841 777 1906 est:
797 1833 898 1905 Vidit
924 1833 1099 1908 Dominus
1118 1857 1196 1906 eam
1214 1840 1261 1905 et
1280 1833 1380 1906 flevit
1406 1840 1463 1903 su·

364 1955 533 2033 'peream
549 1946 585 2008 et
598 1937 690 2009 dixit
709 1937 764 2007 ei:
785 1935 933 2008 Utinam
951 1959 1184 2032 cognosceres
1197 1942 1238 2008 tu
1261 1935 1353 2009 hanc
1369 1933 1463 2006 diem

371 2045 468 2137 tuam
482 2038 508 2111 ³.
528 2037 567 2112 Si
586 2061 672 2134 ergo
691 2038 768 2110 dies
787 2039 863 2133 ejus
882 2045 969 2131 erat,
983 2047 1115 2136 quanto
1133 2039 1248 2134 magis
1271 2045 1307 2122 et
1322 2044 1464 2133 tem-pus

372 2135 479 2234 ejus?
505 2144 676 2215 Attamen
701 2140 873 2214 ficulneae
899 2165 971 2214 non
997 2149 1075 2216 erat
1099 2149 1242 2237 tempus
1275 2163 1389 2232 suum,
1417 2162 1462 2211 ex

372 2241 441 2336 quo
459 2249 569 2338 patet,
588 2243 684 2315 aliud
705 2266 784 2316 esse
801 2243 989 2318 ficulneam
1004 2253 1040 2318 et
1053 2243 1150 2317 aliud
1163 2243 1433 2339 lerosolymam.

473 2345 531 2417 Ex
547 2346 613 2418 hac
629 2345 858 2442 inquisitione
872 2347 917 2420 dc
935 2347 1001 2420 fico
1019 2345 1274 2440 intelligemus,
1287 2367 1366 2417 eam
1386 2367 1460 2415 nen

372 2468 450 2548 esse
478 2450 602 2521 urbem
629 2449 838 2543 Ierusalem,
857 2449 1078 2540 utnonnnlli
1100 2449 1233 2522 dicunt.
1251 2445 1459 2522 Verisimile

369 2550 490 2645 Itaque
509 2559 574 2645 est,
589 2551 782 2646 Apostolos
797 2576 838 2624 eo
853 2562 1013 2650 tempore
1028 2553 1134 2628 solita
1152 2549 1461 2647 suasimplicitate

370 2652 504 2748 aliquid
522 2661 640 2726 mente
659 2653 815 2748 agitasse
834 2655 925 2728 etin
945 2657 1054 2730 dubio
1071 2661 1234 2727 versatos
1253 2675 1343 2726 esse.
1361 2652 1462 2740 Quos

369 2763 410 2826 ut
435 2778 500 2850 per
526 2755 736 2828 miraculum
762 2781 784 2829 a
810 2757 917 2831 dubio
944 2761 1172 2850 absterreret,
1198 2757 1237 2829 in
1269 2761 1461 2852 conspectu

370 2880 492 2930 eorum
524 2862 685 2933 arborem
718 2859 822 2932 ficum
851 2862 1008 2936 arefecit.
1051 2859 1243 2949 Quando
1274 2857 1461 2932 reversi

363 2967 477 3053 sunt,
497 2961 662 3034 dicunt
680 2961 739 3033 ei:
759 2963 864 3035 Ecce
883 2963 1106 3055 liculnea,
1124 2962 1190 3034 cui
1212 2959 1462 3036 maledixi-

297 3100 301 3106 ·
370 3064 689 3158 sti,qu0m0d0
717 3066 1023 3140 arefactaest
1050 3065 1228 3140 subito!
1248 3061 1462 3138 Dicitad

368 3185 478 3238 eos:v
501 3166 590 3238 unt
617 3191 708 3252 voa,
739 3169 777 3239 si
817 3169 1090 3262 habueritis
1117 3167 1262 3241 fidem
1289 3172 1334 3237 et
1370 3187 1458 3237 non

363 3267 719 3342 dubitaveritis
764 3270 810 3343 iu
854 3272 993 3345 corde
1042 3279 1226 3361 vestro,
1281 3267 1456 3340 dicetis

362 3370 482 3442 huie
514 3373 660 3445 monti
688 3381 732 3444 et
773 3371 1211 3448 transferetur„.·Si
1246 3372 1334 3444 haec
1368 3369 1456 3442 ficus
1539 3375 1542 3380 '

367 3473 567 3567 symbolum
584 3474 710 3547 fuisset
724 3485 760 3547 et
776 3477 906 3572 imago,
920 3500 991 3548 non
1008 3474 1226 3566 conveniret,
1245 3479 1285 3544 ut
1306 3471 1455 3544 diceret:

368 3595 383 3630 1
403 3575 441 3649 Si
467 3577 573 3660 iidem
598 3578 794 3651 habueritis
811 3618 839 3672 a,
858 3580 943 3652 sed:
975 3601 989 3636 r
1008 3578 1047 3650 Si
1074 3577 1121 3649 sit
1148 3577 1186 3648 in
1206 3574 1308 3649 vobis
1336 3573 1456 3670 cogni·

367 3678 416 3748 tio
431 3718 458 3752 ».
478 3681 574 3776 Ergo
594 3681 630 3752 in
652 3681 717 3752 hac
736 3681 801 3752 fico
819 3681 1029 3754 miraculum
1049 3686 1136 3772 erat,
1154 3702 1227 3751 non
1244 3678 1456 3774 symbolum.

367 3801 369 3804 ·
474 3783 609 3856 Iterum
628 3783 760 3872 dicunt,
784 3783 878 3878 quod
896 3784 966 3858 ait:
998 3781 1166 3855 “Dicetis
1192 3781 1276 3854 huic
1303 3779 1457 3872 montis,

366 3910 437 3958 non
458 3893 511 3960 est
530 3909 641 3977 mons,
658 3887 721 3956 sed
740 3886 913 3976 diabolus,
931 3893 993 3960 aut
1010 3885 1125 3958 simile
1144 3883 1289 3980 aliquid.
1308 3881 1457 3977 At'quis

367 3990 518 4062 daemon
537 3999 612 4060 erat
627 3988 780 4081 vicinus,
791 3989 930 4084 quando
944 3987 1118 4060 Dominus
1133 3988 1200 4060 hoc
1215 3985 1337 4059 dixit?
1352 3984 1454 4073 Quod

439 4213 470 4343 i.
490 4209 564 4343 dli?
578 4209 732 4354 Aliam
751 4285 883 4350 emisit„
910 4285 956 4342 ast
972 4271 1454 4356 amittet„v01amittu„,qt0a

358 4387 397 4428 ex
415 4381 519 4426 errore
533 4362 666 4438 positum
679 4361 822 4424 arbitror.

437 4449 463 4501 3.
488 4443 560 4501 huo.
579 4443 624 4518 19,
638 4444 685 4498 41.
