3344 5200
368 396 437 467 244

367 525 419 598 tia
444 521 630 617 abstraxit,
659 522 824 598 Christus
852 523 991 617 quoqne
1020 521 1140 594 zelans
1164 519 1321 593 Satanae
1348 529 1458 594 unum

369 652 415 700 ex
434 625 618 724 discipulis
637 626 713 722 ejus
732 625 876 720 eripuit,
895 631 1028 696 etcum
1048 648 1154 720 quem
1172 631 1320 719 propter
1343 623 1460 698 crimi-

367 735 415 803 n'a
431 731 468 804 vi
487 730 582 804 cruci
600 730 804 821 affixerunt,
823 735 971 824 propter
993 728 1099 800 fidem
1117 725 1200 797 fecit
1230 727 1266 798 in
1294 726 1461 800 libertate

366 834 517 927 versari,
534 832 602 904 etsi
619 831 790 904 hicoruci
810 837 905 902 esset
925 830 1055 902 affixus
1071 829 1095 901 ¹.
1115 829 1215 920 Sicut
1232 829 1381 902 Satanas
1408 829 1475 900 eli·

365 937 461 1028 fecit,
479 945 520 1008 ut
551 935 613 1006 ille
646 957 711 1030 per
729 933 881 1028 gratiam
914 932 1049 1004 electus
1079 937 1226 1028 propter
1256 925 1458 1005 libertatem

366 1041 540 1136 reprobus
571 1044 607 1108 et
638 1043 861 1132 contemptus
893 1036 1005 1126 fieret,
1022 1043 1129 1131 atque
1152 1058 1217 1128 pro
1247 1035 1375 1106 throno
1406 1034 1459 1106 la·

367 1143 498 1238 qdeum
525 1141 558 1211 ei
588 1139 739 1235 pararit,
757 1138 808 1210 ita
833 1146 870 1210 et
897 1137 1063 1211 Christus
1093 1137 1225 1208 latroni
1255 1161 1321 1233 pro
1352 1161 1457 1210 cruce

369 1235 690 1340 dedit'paradisum
707 1241 912 1337 voluptatis.
931 1240 1024 1328 Quia
1041 1246 1112 1312 non
1130 1240 1288 1333 decebat,
1307 1247 1347 1312 ut
1373 1237 1458 1312 illae

366 1369 505 1438 manus,
523 1367 612 1440 quas
630 1345 735 1416 homo
754 1343 791 1430 in
808 1344 966 1418 mandati
984 1342 1270 1437 transgressione
1293 1344 1338 1415 ad
1357 1345 1459 1416 arbo·

365 1451 442 1522 rem
462 1447 630 1521 scientiae
649 1446 871 1538 extenderat,
892 1445 1011 1518 statim
1039 1445 1317 1534 extenderentur
1339 1446 1384 1518 ad
1402 1468 1459 1518 ac-

366 1553 531 1649 cipienda
548 1551 640 1622 dona
657 1549 737 1641 Dei,
756 1572 862 1643 quem
880 1547 943 1620 ille
969 1548 1007 1618 in
1037 1551 1164 1622 arbore
1191 1548 1286 1620 vitae
1317 1571 1460 1644 spreve-

366 1663 434 1745 rat,
452 1655 533 1726 ideo
550 1652 726 1725 Dominus
744 1650 845 1722 illu‘m
863 1652 1042 1724 hominem
1070 1652 1221 1748 sumpsit
1239 1651 1329 1722 etin
1355 1673 1460 1723 cruce

329 1779 333 1787 ·
365 1757 542 1856 alligavit,
567 1763 610 1827 ut
635 1753 856 1826 occideretur
882 1756 978 1827 mors
993 1752 1019 1847 ²,
1046 1777 1136 1850 quae
1164 1777 1243 1826 eum
1272 1753 1462 1846 occiderat,
1541 1744 1545 1750 ’

366 1866 403 1932 et
422 1861 473 1932 sic
491 1859 536 1931 ad
554 1882 655 1930 suam
669 1857 780 1928 vitam
798 1856 963 1928 dilectam
982 1857 1197 1951 perveniret.
1215 1857 1322 1930 Ideo:
1342 1879 1357 1913 e
1375 1855 1414 1928 M
1425 1879 1461 1927 e·
1497 1851 1506 1864 ‘

369 1985 478 2055 cum,
498 1961 559 2054 ait,
578 1961 675 2032 eris
703 1959 750 2029 in
774 1958 913 2030 horto
938 1958 1255 2055 voluptatis».

470 2065 703 2138 Memento
737 2061 846 2152 mei,
874 2061 1091 2155 Domine,
1117 2063 1164 2134 in
1190 2085 1338 2156 regno
1368 2068 1456 2136 tuo.

367 2166 461 2255 Quia
479 2165 590 2238 oculis
614 2163 697 2237 fidei
724 2186 808 2235 suae
835 2163 1005 2235 honorem
1033 2163 1279 2237 Domiui'loco
1304 2165 1457 2260 ignomi-

364 2269 457 2361 niae,
477 2275 514 2340 et
534 2267 686 2362 gloriam
714 2267 791 2362 ejus
813 2287 879 2361 pro
904 2265 1104 2340 humilitate
1128 2268 1229 2358 vidit,
1248 2268 1359 2340 dixit:
1378 2267 1456 2340 Me·

362 2379 483 2450 mento
502 2371 583 2464 mei,
611 2369 777 2464 quoniam
803 2368 841 2439 in
868 2367 920 2440 eis
941 2393 1032 2464 quae
1050 2393 1145 2442 nunc
1170 2371 1208 2442 in
1234 2370 1391 2444 clavibus
1419 2377 1456 2443 et
1480 2457 1481 2462 ἵ

363 2497 467 2546 cruce
495 2479 679 2570 apparent,
707 2494 778 2542 11011
804 2469 935 2543 oblitus
963 2495 1041 2544 sum
1067 2495 1219 2568 regnum
1241 2481 1277 2545 et
1299 2473 1454 2568 gloriam

363 2583 474 2671 tuam,
492 2599 584 2672 quae
602 2573 639 2646 in
657 2575 726 2646 fine
746 2581 851 2646 erunt
868 2581 904 2644 et
921 2597 1016 2645 nune
1033 2577 1190 2648 nondum
1208 2583 1393 2671 apparent.

407 2683 409 2688 '
469 2680 586 2768 Quum
600 2675 949 2770 Dominusaeridisset,
964 2677 1070 2749 fidem
1085 2679 1160 2775 ejus
1175 2679 1244 2750 tide
1260 2679 1458 2752 multorum

345 2805 441 2878 esse
468 2782 650 2876 majorem,
668 2801 735 2852 nec
762 2803 843 2850 eum
861 2781 905 2851 de
932 2781 1006 2852 suis
1032 2781 1219 2876 angustiis,
1238 2783 1301 2854 sed
1328 2783 1372 2854 de
1398 2807 1457 2855 re··

293 2953 298 2962 .
361 2879 529 2957 missione
556 2891 782 2980 peccatorum
808 2883 975 2977 cogitare,
1003 2907 1088 2978 prae
1114 2884 1237 2956 multis
1264 2885 1345 2956 aliis
1371 2890 1458 2958 enmf

361 2986 613 3082 magnificavit.
631 2985 680 3057 nt
697 2984 782 3080 quia
800 2985 837 3056 in
856 2985 931 3057 suis
948 2986 1114 3081 precibus
1132 3011 1204 3059 non
1222 2987 1376 3061 celerem
1397 3011 1456 3060 red

360 3089 591 3163 tributionem
610 3089 693 3160 fidei
717 3110 800 3160 suae
828 3087 1028 3182 petierat53
1047 3113 1127 3160 nani
1155 3095 1287 3186 parvus
1314 3099 1349 3163 et
1369 3090 1456 3164 uilis

360 3192 438 3288 ipse
459 3193 526 3266 sibi
557 3194 765 3289 apparebat,
792 3213 871 3262 cum
903 3191 996 3263 latro
1026 3199 1137 3285 esset,
1166 3193 1248 3265 ideo
1278 3194 1455 3267 Dominus

361 3295 455 3367 dona
471 3319 537 3369 sua
554 3302 693 3368 remota
710 3292 932 3385 acceleravit,
952 3295 1119 3388 deditque
1146 3296 1347 3390 proximam
1372 3321 1456 3394 pro·

359 3398 580 3491 missionem,
606 3396 750 3475 dicens:
772 3396 917 3468 uHodie
935 3436 965 3489 n,
983 3404 1018 3468 et
1049 3420 1121 3469 non
1150 3398 1188 3470 in
1219 3398 1289 3471 fine
1319 3399 1457 3474 mundi

361 3500 594 3596 Locupletem
630 3523 718 3594 ergo
743 3497 1022 3571 misericordiam
1060 3523 1159 3572 suam
1194 3503 1362 3598 ostendit,
1389 3525 1456 3600 per

361 3599 468 3698 quam
500 3602 625 3675 eadem
655 3601 760 3693 hora,
793 3596 863 3694 qna
894 3601 999 3673 fidem
1031 3627 1052 3674 a
1082 3603 1220 3675 latrone
1245 3611 1368 3677 mutuo
1397 3628 1458 3678 ac-

360 3706 477 3800 cepit,
503 3706 537 3778 ci
573 3703 687 3799 gratis
721 3704 894 3776 immensa
927 3704 1019 3776 dona
1058 3706 1233 3798 reddidit,
1269 3708 1458 3781 thesauros

359 3832 442 3881 suos
469 3807 581 3904 gratis
609 3830 728 3880 coram
756 3829 797 3878 eo
825 3805 962 3899 effudit,
980 3808 1100 3880 statim
1118 3809 1156 3880 in
1183 3832 1284 3882 sunm
1313 3811 1455 3906 paradi,

360 3933 439 3988 sum
457 3935 538 3984 eum
556 3909 742 3983 transtulit
763 3917 799 3982 et
815 3909 947 3983 ibidem
973 3910 1213 3984 introductum
1242 3936 1350 4008 super
1376 3915 1456 3987 the-

441 4133 468 4186 1.
484 4109 592 4194 'Locus
606 4129 655 4190 hic
669 4147 710 4188 ex
724 4127 790 4188 cod.
802 4130 827 4187 B
839 4131 998 4190 correctus
1013 4130 1070 4188 est.
1081 4129 1117 4188 In
1132 4128 1200 4188 cod.
1213 4129 1241 4187 Α
1255 4145 1367 4202 magna
1383 4133 1453 4207 ejus

359 4207 573 4346 parstiellriec
587 4303 651 4344 vox
665 4303 706 4344 ex
720 4285 788 4344 cod.
809 4285 836 4343 B
859 4284 977 4345 inserta
1001 4288 1058 4344 est.
1084 4285 1223 4362 Sequens
1244 4277 1398 4346 sententia
1411 4281 1453 4345 ex'

360 4363 467 4423 eodem
482 4363 589 4423 codice
605 4366 764 4423 correctus
780 4367 838 4421 est.

441 4445 470 4500 3.
491 4441 539 4503 Sic
554 4441 584 4500 in
599 4443 665 4503 cod.
680 4440 840 4518 Blegitur.
