3268 5220
1207 337 1251 409 79

174 463 305 540 inimici
323 491 401 540 eam
419 465 610 564 conspicati
627 473 880 562 cognorerunt,
905 465 997 540 hanc
1022 489 1101 541 esse
1127 466 1253 540 mulie·

173 596 256 666 rem,
275 596 365 668 quae
384 595 505 645 omnes
522 570 677 644 medicos
694 569 955 664 molestaverat,
983 571 1046 643 sed
1064 578 1101 644 et
1117 573 1161 644 ab
1178 595 1252 646 om-

172 676 272 750 nibus
290 675 438 748 medicis
456 674 629 748 molestiis
643 673 769 748 affecta
785 682 872 748 erat.
889 674 1016 748 Virtus
1033 681 1164 769 autem,
1183 700 1251 772 que

173 779 258 854 exiit
280 783 325 854 ab
344 803 397 873 eo,
415 779 525 851 missa
542 785 597 851 est
615 785 650 850 et
667 777 787 874 tetigit
807 778 949 851 foedum
966 785 1138 872 ventrem,
1164 779 1252 876 quin
1321 871 1323 876 Ι

169 883 245 980 ipsa
262 883 475 956 foedaretur.
489 881 625 956 Eodem
637 881 740 954 modo
754 905 819 954 neo
836 883 912 979 ejus
931 881 1097 955 divinitas
1116 881 1252 958 inhabi-
1269 899 1272 904 '

169 987 274 1060 tando
291 993 434 1060 uterum
452 993 629 1060 sacratum
645 985 783 1082 polluta
801 991 866 1081 est,
893 1009 1002 1082 quum
1020 992 1057 1057 et
1076 986 1184 1082 juxta
1199 985 1251 1060 le-

171 1114 249 1186 gem
270 1097 307 1162 et
326 1098 429 1163 extra
445 1089 591 1184 legam¹
612 1089 765 1162 sanctior
783 1089 830 1160 sit
846 1089 958 1185 virgo,
973 1112 1078 1185 quam
1096 1089 1160 1162 illa
1176 1113 1253 1164 mu-

169 1193 245 1287 lier,
265 1216 357 1290 quae
375 1193 558 1288 sanguinis
586 1193 642 1266 sui
667 1191 883 1266 abundantia
900 1191 1147 1267 abominabilis
1165 1202 1252 1269 erat.

168 1298 309 1370 Rursus
327 1296 459 1370 inimici
476 1297 553 1394 ejus
570 1295 919 1394 reprehendebantur
945 1302 981 1368 et
1002 1299 1254 1394 arguebantur,

141 1405 147 1414 “
167 1401 260 1498 quod
278 1399 373 1472 male
390 1407 538 1498 agerent
559 1400 597 1472 in
614 1424 693 1472 eum
723 1399 780 1470 cui
807 1399 953 1472 efferata
970 1401 1156 1474 obediebat
1173 1425 1254 1476 san·

166 1505 287 1600 guinis
306 1504 508 1602 profluvies,
527 1526 617 1602 quae
634 1509 783 1576 naturae
800 1503 926 1597 inerat,
954 1503 985 1575 si
1009 1501 1175 1578 libertate
1192 1529 1254 1580 vo-

164 1607 298 1682 luntati
317 1631 400 1681 suae
418 1608 532 1680 indita
548 1607 784 1681 obedientiam
801 1607 835 1678 ei
851 1616 1034 1702 negarent.

270 1711 391 1784 Amici
415 1711 527 1807 igitur
551 1711 706 1784 humana
731 1710 807 1806 ejus
833 1717 962 1782 natura
978 1709 1016 1780 in
1032 1711 1101 1784 fide
1128 1712 1254 1786 confir·

166 1816 266 1911 mati,
294 1815 428 1888 inimici
452 1822 570 1888 autem
597 1815 717 1912 arguti
744 1820 780 1886 et
805 1813 958 1912 correpti
984 1822 1067 1886 sunt
1083 1813 1109 1887 ².
1135 1817 1254 1891 Amici

166 1921 262 1992 enim
281 1921 358 2016 ejus
378 1919 491 1992 edocti
504 1923 597 2012 sunt,
613 1918 717 2014 quod,
735 1917 1028 2014 quemadmodum
1046 1919 1160 1992 virtus
1174 1921 1251 2018 ejus

165 2030 331 2097 ventrem
350 2021 530 2096 doloribus
548 2023 752 2116 cruciatum,
770 2043 876 2117 quem
892 2023 1072 2118 tangebat,
1090 2023 1137 2094 ad
1154 2024 1251 2097 utili·

165 2133 279 2200 tatem
299 2127 374 2224 ejus
392 2125 547 2222 torigia,
565 2125 615 2198 ita
633 2132 668 2197 et
686 2126 762 2222 ejus
780 2124 958 2218 diuinitas,
976 2127 1116 2222 quaein
1131 2129 1255 2202 huma·

139 2271 144 2281 .
168 2231 281 2304 nitate
299 2229 491 2324 habitabat,
510 2229 555 2304 ad
581 2229 771 2302 utilitatem
788 2227 1018 2302 humanitatis
1043 2230 1255 2305 humanitati

168 2335 422 2408 associabatur.
447 2333 583 2408 Verum
608 2331 741 2406 inimici
766 2333 843 2429 ejus
868 2331 1024 2429 lapidem
1050 2333 1254 2410 offensionis

171 2462 253 2510 eum
272 2438 341 2512 sibi
358 2437 519 2534 poneret
537 2435 750 2530 maluerunt,
768 2436 949 2512 dicentes:
976 2437 1085 2534 Legis
1110 2438 1254 2535 imperi-

172 2540 260 2616 tusl⁵
279 2549 345 2636 est,
362 2541 446 2638 quia
461 2541 590 2614 mulier
610 2541 717 2638 juxta
742 2539 860 2636 legem
877 2540 1058 2614 immunda
1075 2563 1156 2614 eum
1173 2543 1254 2616 teti-

174 2646 238 2741 git,
255 2669 323 2718 nec
340 2667 419 2718 eam
444 2644 577 2744 rejecit.
606 2642 677 2732 Qui
702 2643 822 2717 oculos
847 2645 1002 2742 propriis
1019 2645 1182 2718 manibus
1200 2653 1253 2720 te-

171 2757 298 2846 gentes
325 2773 363 2822 se
389 2747 522 2822 lumine
547 2748 747 2848 privabant,
772 2769 845 2820 non
869 2747 1135 2842 intellexerunt,
1155 2749 1255 2824 illam

172 2855 354 2947 uirtutem,
368 2877 439 2949 qua
450 2875 508 2926 res
520 2851 720 2925 immundae
733 2849 973 2949 purificantur,
981 2851 1080 2924 nulla
1086 2851 1255 2928 foeditate

171 2957 352 3054 inquinari
368 2979 482 3054 posse.
501 2956 540 3030 si
557 2955 651 3028 enim
677 2955 771 3052 ignis
788 2977 915 3028 aurum
936 2953 1094 3052 aliasque
1111 2979 1170 3030 res
1187 2957 1254 3032 im-

174 3062 326 3134 mundas
338 3061 376 3134 ui
393 3083 456 3133 sua
468 3064 611 3156 purgat,
628 3059 714 3154 quin
730 3058 806 3156 ipse
825 3055 1109 3153 commaculetur,
1121 3068 1254 3156 quanto

172 3165 287 3262 magis
305 3165 420 3238 virtus
438 3162 633 3236 divinitatis
651 3161 787 3236 Christi
803 3161 977 3259 purificat,
995 3162 1172 3260 quinipsa
1188 3165 1253 3238 im·

172 3292 265 3364 pura
286 3267 488 3341 efficiatur?
513 3267 607 3342 Nam
632 3265 727 3361 ignis
752 3265 993 3363 purificatione
1009 3290 1081 3340 non
1098 3275 1180 3362 eget
1217 3277 1254 3344 et

172 3378 267 3447 certe
284 3371 375 3444 nibil
392 3394 471 3444 eum
498 3376 615 3467 potest
639 3367 791 3442 foedare.
826 3369 874 3442 Et
899 3391 991 3466 pura
1008 3377 1043 3442 et
1060 3370 1200 3468 impura
1221 3375 1253 3448 si

167 3476 283 3574 spatio
302 3474 454 3572 quodam
472 3474 648 3572 dirempta
674 3479 767 3568 sunt,
783 3495 854 3544 uno
880 3475 979 3547 renti
1003 3471 1090 3546 flatu
1116 3481 1152 3546 et
1176 3500 1251 3550 ma-

167 3604 238 3676 gno
265 3579 350 3653 solis
377 3577 492 3652 calore
518 3577 564 3651 ad
590 3600 633 3650 ea
649 3576 874 3675 pertingente
900 3577 1183 3676 commiscentur,
1209 3589 1251 3656 ut

249 3820 277 3876 l.
297 3819 335 3877 Id
348 3817 629 3878 estzNaturaliter.
697 3860 699 3874 ,

252 3899 281 3955 2.
300 3897 387 3956 Haec
401 3898 554 3956 sententia
568 3915 608 3957 ex
621 3896 688 3956 cod.
701 3895 736 3956 B.
752 3896 903 3974 completa
916 3900 974 3956 est.

245 3977 274 4034 3.
294 3977 344 4036 Ad
362 3975 491 4036 uerbum
511 3977 587 4037 haec
608 3977 759 4036 sententia
778 3977 823 4034 ita
837 3993 870 4036 sc
883 3975 997 4037 habet:
1020 3977 1248 4046 “Quemadmo-

164 4053 238 4114 dum
257 4056 356 4115 uirtus
377 4058 445 4132 ejus
466 4056 568 4132 tetigit
588 4056 725 4114 ventrem
745 4057 924 4131 cruciatum,
937 4061 1064 4134 propter
1082 4057 1246 4119 utilitatem

164 4133 257 4210 hujus
265 4136 382 4195 ventris
392 4135 493 4210 tetigit
503 4153 571 4193 eum
581 4165 608 4206 s,
619 4151 697 4210 quae
708 4135 803 4194 rerba
809 4135 901 4212 juxta
911 4139 1088 4196 contextum
1101 4136 1142 4194 sit
1151 4139 1246 4214 expli·

167 4212 266 4274 canda
279 4215 368 4274 sunt:
383 4211 642 4282 Quemadmodum
655 4213 752 4273 virtus
766 4215 844 4290 ejus,
859 4230 937 4290 quae
954 4213 1056 4290 tetigit
1069 4215 1128 4274 eto.

244 4296 273 4356 4.
292 4293 342 4352 Ita
355 4293 387 4352 in
405 4294 473 4353 cod.
487 4293 523 4352 Β.
542 4293 580 4352 Ιιι
600 4291 668 4353 cod.
682 4293 729 4352 A:
753 4291 895 4356 “Inimici
914 4294 1046 4373 lapidem
1066 4293 1245 4355 offensionis

167 4367 227 4430 sibi
239 4374 402 4448 elegerunt
413 4402 441 4434 a.

242 4453 271 4513 5.
285 4451 334 4512 Ad
347 4449 495 4511 verbnm:
509 4451 592 4510 Puer
605 4450 636 4510 in
650 4451 730 4528 lege.
