3330 5200
352 517 463 592 meris
480 516 542 592 lex
560 516 734 610 solvitur3
755 516 786 588 si
804 539 864 588 res
883 523 1024 590 creatae
1043 513 1217 612 ejusmodi
1235 519 1457 610 sunt,quan-

354 628 390 693 to
408 621 523 716 magis
542 620 724 695 Creator?
751 620 862 692 Ideo:
882 643 897 678 a
913 620 1088 693 Dominus
1107 625 1163 691 est
1190 618 1330 692 sabbati
1356 618 1456 706 filius

354 723 512 796 hominis
528 723 540 770 ¹
556 764 585 799 a.

457 827 584 900 Simile
610 828 687 923 ejus
715 849 926 922 responsum
953 826 990 898 in
1018 825 1094 898 alio·
1120 827 1198 898 loco
1225 823 1454 915 invenimus,

352 931 496 1026 quando
521 931 715 1026 discipulos
744 932 822 1026 ejus
848 931 1179 1025 reprehendebant,
1207 928 1302 1023 quod
1335 925 1455 1021 spicas

351 1033 548 1128 fricabant3
576 1033 668 1106 dixit
695 1034 791 1104 enim
818 1031 894 1104 cis:
924 1056 939 1090 α
961 1033 1154 1128 Nunquam
1181 1030 1336 1126 legistis,
1363 1027 1452 1124 quid

352 1136 437 1210 fecit
463 1136 593 1230 David,
611 1136 786 1232 quomodo
807 1135 882 1206 edit
912 1159 1025 1232 panes
1055 1135 1258 1226 oblationis,
1275 1155 1364 1230 quos
1394 1153 1454 1203 co·

351 1241 496 1316 medere
529 1240 563 1311 ei
581 1246 617 1311 et
636 1239 687 1311 eis
719 1239 879 1334 quicum
898 1239 977 1334 ipso
995 1246 1110 1332 erant,
1131 1261 1203 1310 non
1233 1233 1393 1309 licebat?
1405 1233 1420 1280 ²
1434 1273 1453 1308 a

354 1343 524 1438 Intellige
544 1366 630 1436 ergo
650 1365 795 1414 sensum
813 1345 1005 1416 verborum
1023 1343 1175 1416 istorum
1198 1347 1234 1412 et
1250 1339 1324 1412 vim
1343 1337 1452 1409 ineis

352 1446 595 1519 absconditam
628 1466 814 1538 cognosce.
843 1444 1301 1542 “Persequebantur
1340 1465 1453 1532 eum,

356 1548 418 1641 ait,
445 1547 554 1644 quia
576 1572 623 1619 sc
642 1548 794 1642 ipsum
813 1547 1060 1641 aequalem
1086 1547 1298 1619 faciebat
1318 1545 1452 1616 Deo».

355 1651 506 1738 Quando
525 1651 719 1747 discipulos
739 1649 815 1744 ejus
847 1653 1058 1744 arguebant,
1076 1649 1320 1722 testimonium
1342 1645 1455 1720 Davi-

354 1753 410 1826 dis
431 1754 482 1826 eis
511 1753 709 1850 proposuit,
726 1752 799 1848 qui,
818 1754 888 1824 etsi
913 1755 1099 1850 propheta,
1116 1777 1183 1826 rex
1201 1761 1237 1824 et
1248 1754 1370 1848 justus
1396 1773 1454 1822 es-

355 1863 423 1950 set,
441 1865 563 1930 tamen
593 1858 698 1930 homo
718 1863 807 1950 erat,
825 1862 866 1927 ut
883 1863 919 1927 et
935 1857 1103 1952 Apostoli
1131 1857 1294 1929 homines
1321 1860 1448 1944 erant3

349 1959 499 2035 decebat
531 1960 648 2052 enim,
678 1983 823 2032 servum
854 1966 984 2031 testem
1015 1959 1094 2032 lieri
1133 1958 1315 2032 conservis
1355 1957 1452 2048 suis;

245 2129 267 2143 ,,
350 2088 460 2158 quum
489 2054 752 2158 autemipsurn'
779 2085 930 2156 arguere
956 2062 1104 2156 vellent,
1129 2085 1202 2133 non
1227 2061 1360 2153 David,
1387 2060 1451 2156 qui

350 2165 457 2238 homo
489 2173 577 2259 erat,
596 2166 635 2237 in
653 2165 896 2262 testimonium
927 2165 979 2236 eis
1009 2166 1171 2257 adduxit,
1193 2188 1259 2236 nec
1290 2163 1450 2236 testimo·

350 2269 452 2342 nium
470 2269 661 2360 coelorum,
678 2291 769 2362 quae
788 2291 846 2339 res
865 2275 1004 2340 creatae
1024 2278 1119 2362 sunt,
1137 2292 1204 2340 nee
1226 2267 1451 2362 angelorum,

349 2394 416 2445 nec
435 2373 635 2467 Seraphim,
654 2393 720 2441 nec
746 2370 937 2466 spirituum
958 2373 1156 2464 custodum,
1175 2372 1237 2467 qui
1264 2394 1386 2442 omnes
1409 2369 1449 2442 in

349 2475 591 2549 ministerium
608 2473 813 2566 mittuntur,
833 2473 895 2545 sed
915 2474 1078 2547 omnibns
1106 2474 1281 2571 supernis,
1299 2473 1451 2546 infernis

347 2587 385 2652 et
402 2577 634 2651 terrestribus
652 2579 772 2670 rebus,
791 2583 828 2647 et
846 2576 956 2648 coelis
974 2584 1010 2648 et
1029 2579 1204 2671 omnibus,
1223 2600 1313 2672 quae
1336 2577 1381 2650 in.
1394 2575 1449 2647 eis

348 2689 444 2774 sunt,
464 2681 612 2770 relictis,
630 2679 876 2754 testimonium
894 2679 1039 2751 Domini
1057 2681 1216 2753 omnium
1237 2687 1449 2752 naturarum

346 2791 383 2856 et
400 2786 470 2857 Dei
489 2784 647 2858 omnium
665 2807 786 2858 rerum
805 2790 1006 2854 creatarum
1023 2783 1062 2854 in
1079 2785 1235 2856 medium
1262 2782 1448 2878 produxit,
1487 2793 1493 2808 ‘

347 2887 494 2961 dicens:
515 2887 654 2959 “Pater
684 2911 786 2960 meus
818 2909 932 2982 usque
962 2886 1068 2958 hodie
1100 2893 1279 2984 operatur,
1298 2887 1379 2959 ideo
1410 2891 1449 2957 et

348 3014 417 3086 ego
445 3015 576 3087 operor
594 3030 638 3065 π.-

452 3094 539 3166 Pari
556 3093 661 3166 modo
687 3115 831 3164 caecum
849 3115 871 3164 a
891 3089 1079 3164 nativitate
1105 3091 1203 3163 misit
1229 3090 1389 3166 lavatum
1406 3093 1444 3165 in

347 3194 457 3291 Silae,
475 3197 603 3294 primo,
622 3202 662 3266 ut
679 3195 908 3268 manifestum
934 3194 1112 3292 redderet,
1131 3217 1274 3267 caecum
1290 3220 1361 3268 non
1380 3197 1447 3269 du·

345 3300 493 3391 bitassc,
511 3299 599 3395 quin
618 3307 816 3386 sanaretur,
836 3305 873 3368 et
899 3299 1124 3388 secundant
1143 3295 1174 3371 si
1192 3321 1336 3371 caecum
1362 3303 1446 3372 abe-

347 3410 471 3474 untem
488 3403 765 3496 interrogarent,
777 3399 836 3473 hic
854 3421 931 3471 rem
949 3408 1156 3496 exponeret,
1175 3401 1296 3497 sicque
1313 3403 1444 3474 iterum

347 3503 437 3578 fides
457 3505 534 3600 ejus
553 3504 803 3576 innotesceret.
819 3501 944 3576 Simile
962 3510 1027 3596 est,
1042 3505 1136 3600 quod
1149 3505 1266 3576 dixit:
1286 3527 1301 3563 a
1315 3505 1443 3600 Surge,

347 3607 434 3678 tolle
452 3607 584 3679 lectum
602 3613 704 3679 tuum
722 3645 751 3700 a,
764 3613 806 3679 ut
823 3605 880 3676 die
896 3607 1034 3678 sabbati
1049 3615 1211 3679 sanatum
1226 3608 1390 3680 viderent
1408 3615 1445 3680 et

347 3708 625 3805 interrogarent.
644 3710 839 3784 Sabbatum
856 3709 977 3804 itaque
996 3733 1067 3781 non
1085 3717 1233 3806 propter
1256 3710 1372 3782 Deum
1390 3711 1446 3792 in7

347 3813 514 3886 stitutum
541 3821 607 3908 est,
636 3814 699 3885 sed
725 3819 872 3911 propter
903 3811 1101 3906 hominem,
1127 3811 1228 3902 ideo,
1257 3815 1320 3909 qui
1346 3813 1446 3886 dedit

318 3943 320 3946 ·
348 3939 442 4011 eum,
470 3917 579 3990 etiam
606 3917 770 3990 dominus
796 3918 873 4012 ejus
900 3923 966 3988 est.
993 3915 1224 4002 Quaestioni:
1252 3918 1350 3990 Num
1377 3941 1447 4012 ego

347 4044 428 4093 sum
446 4021 550 4094 dator
569 4019 720 4112 sabbati,
738 4043 804 4092 nec
821 4019 898 4092 ne?
922 4018 1090 4114 operibus
1116 4042 1328 4116 responsum
1345 4021 1445 4094 vide-

346 4148 437 4198 mus.
456 4123 549 4197 Ecce
568 4145 693 4196 caecus
712 4123 816 4196 testis
834 4129 890 4197 est
908 4129 944 4194 et
962 4123 1101 4216 aegroti
1127 4147 1323 4219 praecones
1348 4131 1443 4198 sunt.

426 4374 453 4428 1.
469 4343 573 4435 'Mira
592 4373 638 4444 12,
653 4374 680 4428 8.

425 4452 454 4509 2.
474 4448 574 4510 Maru.
591 4451 637 4526 12,
661 4454 690 4510 3.
