3344 5200
362 487 510 565 oonsilio
537 495 711 564 commota
737 491 792 562 est
818 489 935 586 gratia
960 496 997 563 et
1023 511 1088 568 nos
1108 485 1320 586 justificavit
1345 511 1453 585 propf

361 601 417 666 ter
444 598 608 691 naturam
642 599 820 685 nostram,
860 593 944 688 quia
976 591 1165 688 adjecisti:
1195 613 1211 650 α
1237 593 1273 666 Α
1297 591 1455 688 pueritia

362 719 457 775 suaa
478 696 502 767 ⁴.
530 695 600 786 Qui
625 695 721 768 enim
747 695 880 768 amicos
908 719 991 770 suos
1016 696 1055 768 in
1081 701 1304 768 antecessum
1326 693 1453 790 elegit,

360 799 463 873 nobis
489 799 757 891 demonstravit,
785 821 857 870 non
883 821 947 894 per
975 797 1163 870 decursum
1189 795 1360 894 temporis
1386 820 1452 870 nos

362 925 480 976 coram
506 901 585 1000 ipso
605 901 772 998 judicari,
809 901 872 973 sed
894 903 970 998 jam
996 901 1193 998 descriptos
1219 906 1256 972 et
1285 898 1452 995 obsigna·

360 1011 416 1078 tos
443 1011 480 1078 et
505 1003 661 1102 propriis
686 1004 855 1102 operibus
888 1004 1103 1100 ponderatos
1133 1025 1224 1096 esse,
1250 1002 1453 1098 quicunque

363 1110 429 1181 sub
454 1130 584 1203 magno
620 1107 698 1201 ejus
724 1105 871 1178 consilio
897 1105 936 1178 in
960 1106 1060 1181 hunc
1086 1105 1259 1178 mundum
1293 1103 1451 1180 intraue-

361 1209 444 1284 rint.
471 1211 587 1300 Quum
617 1209 712 1282 filius
738 1209 806 1282 Dei
831 1217 974 1282 nostrae
1001 1207 1137 1304 gloriae
1162 1229 1270 1280 cansa
1303 1207 1453 1280 formam

361 1320 520 1386 nostram
546 1312 673 1406 induit,
692 1313 730 1390 in
755 1311 846 1385 hac²
859 1312 996 1408 judicio
1022 1310 1147 1384 mortis
1165 1319 1201 1384 te
1229 1309 1452 1384 tradidimus.

319 1437 321 1442 ·
363 1415 534 1504 Quamvis
553 1417 643 1501 dura
660 1423 722 1492 tua
741 1415 883 1512 justitia
901 1437 939 1488 se
965 1414 1113 1509 revelet,
1136 1421 1257 1488 tamen
1283 1413 1452 1486 sementis

363 1541 512 1614 operum
539 1524 742 1594 nostrorum
779 1519 881 1592 nobis
907 1518 1054 1612 crescit,
1080 1517 1166 1614 quia
1198 1522 1363 1590 mutuum
1391 1538 1453 1589 no·

363 1627 478 1696 strum
498 1621 660 1718 justitiae
688 1627 770 1698 tuce
797 1621 934 1714 damus,
952 1643 1043 1716 quae
1061 1620 1098 1692 id
1116 1643 1197 1692 oum
1221 1620 1366 1694 foenore
1392 1641 1454 1690 no·

284 1781 289 1786 .
363 1723 419 1797 bis
446 1724 581 1797 reddet.
608 1725 772 1800 Libertas
800 1724 894 1796 enim
928 1730 1052 1796 nostra
1077 1745 1097 1794 e
1123 1723 1287 1798 manibus
1322 1719 1455 1810 diaboli

363 1833 488 1924 erepta
512 1851 576 1900 vas
604 1835 669 1922 est,
695 1827 791 1924 quod
816 1827 977 1899 conditor
1008 1825 1246 1923 praeparavit.
1271 1826 1317 1899 In
1342 1848 1454 1922 quan·

362 1935 440 2004 tum
458 1929 552 2004 enim
578 1929 725 2006 libertas
742 1929 911 2003 virtutem
941 1953 1042 2002 suam
1067 1930 1105 2002 in
1131 1923 1236 2002 nobis
1260 1926 1455 2022 ostendis,

362 2031 402 2105 in
426 2038 565 2106 tantum
594 2029 709 2128 gloria
734 2031 904 2107 victoriae
940 2038 1083 2106 nostrae
1109 2031 1147 2104 in
1172 2032 1268 2106 bello
1302 2038 1455 2128 augetur

363 2141 401 2208 et
425 2135 694 2232 multiplicatur.
729 2135 839 2230 lgnis
868 2133 1135 2232 purgatorius*
1162 2157 1257 2207 nunc
1292 2141 1366 2230 est,
1392 2133 1454 2229 qui

363 2237 438 2310 suis
464 2238 677 2325 eruciatibus
697 2245 734 2310 et
760 2237 941 2312 doloribus
966 2237 1096 2310 format
1125 2244 1163 2310 et
1187 2237 1343 2335 adaptat.
1370 2237 1454 2312 Om-

363 2340 470 2414 nibus
487 2341 655 2414 remediis
681 2341 780 2413 Deus
799 2363 841 2413 eo
858 2365 924 2414 nos
949 2339 1124 2436 perducit,
1141 2346 1182 2412 ut
1206 2345 1453 2412 ornamentum

361 2443 487 2516 fiamus
513 2443 618 2540 regni
644 2443 709 2516 sui.
745 2445 845 2518 Haec
870 2443 985 2539 magis
1020 2443 1205 2540 magisque
1239 2463 1457 2538 cognoscere

361 2545 566 2620 studeamus
586 2553 623 2618 et
638 2546 774 2620 animas
792 2553 932 2620 nostras
952 2553 989 2618 et
1004 2545 1268 2619 fraudulentam
1293 2552 1453 2618 nostram

363 2648 546 2722 scientiam
569 2650 774 2747 frequenter
799 2673 1003 2744 arguamus,
1032 2656 1068 2722 et
1093 2649 1408 2745 reprehendamus.

269 2759 273 2767 '
467 2752 498 2826 Ο
524 2753 771 2826 miserationes
797 2752 868 2825 Dei
902 2753 1070 2826 dilatatae
1106 2759 1143 2826 et
1178 2751 1311 2825 effusae
1345 2773 1456 2848 super

363 2857 505 2933 omues!
532 2855 641 2952 Apud
659 2879 765 2952 quem
782 2854 872 2928 istae
889 2861 1111 2964 manserunt,
1125 2853 1196 2928 nisi
1213 2855 1309 2950 apud
1326 2859 1363 2925 te
1380 2853 1457 2928 Do-

363 2957 470 3050 mine,
489 2957 573 3056 quia
598 2983 663 3055 per
680 2965 831 3032 mortem
857 2963 966 3049 tuam,
985 2981 1006 3030 o
1028 2957 1317 3052 clementissime,
1344 2955 1455 3030 vitam

363 3060 527 3134 omnibus
554 3061 718 3156 attulisti,
745 3069 781 3134 et
807 3061 907 3136 obitu
933 3067 997 3134 tuo
1020 3062 1228 3134 thesaurum
1254 3059 1458 3132 miseratio-

279 3215 286 3230 .
362 3187 449 3238 num
467 3171 608 3238 tuarum
627 3165 826 3262 aperuisti?
844 3163 997 3238 Etiamsi
1012 3186 1056 3236 er
1076 3163 1331 3238 consuetudine
1353 3161 1457 3234 “Do-

363 3267 470 3360 mine,
497 3266 650 3340 Domine
664 3307 693 3362 n,
720 3268 888 3362 dicamus,
914 3267 989 3339 noli
1017 3267 1206 3340 detrahere
1231 3261 1366 3339 nomini
1393 3264 1457 3338 do-

363 3368 569 3442 minationis
595 3377 689 3462 tuae,
717 3393 763 3442 ex
789 3394 850 3444 ore
877 3377 999 3444 nostro
1025 3370 1183 3466 prolato,
1211 3369 1274 3442 sed
1309 3392 1375 3466 per
1401 3375 1457 3440 tc·
1498 3441 1504 3450 ,

362 3472 567 3544 stimonium
604 3473 678 3546 oris
711 3474 826 3546 nostri
860 3472 974 3569 magis
1008 3497 1074 3546 nos
1099 3473 1234 3571 poteris
1259 3471 1458 3570 possidere.

363 3572 442 3646 Tua
468 3573 612 3669 quidem
638 3574 728 3648 visio
755 3574 918 3650 omnibus
946 3582 1002 3648 est
1028 3577 1244 3670 abscondita,
1271 3575 1336 3650 aed
1361 3573 1455 3646 desi·

363 3682 494 3772 gnatus
530 3700 568 3750 es
596 3677 634 3748 in
660 3678 823 3752 omnibus
858 3702 923 3776 per
955 3686 1099 3752 cunctos
1135 3680 1283 3752 affectus
1320 3700 1457 3750 eorum.

361 3780 483 3876 Opera
509 3779 604 3854 enim
621 3781 724 3854 nobis
742 3781 924 3856 delineant
950 3789 1147 3856 creatorem
1166 3789 1202 3855 et
1227 3806 1286 3856 res
1312 3787 1453 3854 creatae

361 3883 491 3956 docent
529 3907 594 3972 nos
622 3885 839 3958 conditorem
867 3909 982 3980 suum,
1007 3887 1058 3958 ita
1094 3893 1135 3961 ut
1163 3885 1311 3984 palpare
1337 3881 1459 3982 possis

439 4121 468 4254 i.
490 4117 669 4256 ῇὶπῖηὸἒὲἔί.
682 4197 717 4254 Β.
733 4197 769 4254 In
784 4197 888 4257 codd
903 4213 1071 4274 pronomen
1086 4197 1248 4258 relativum
1264 4195 1341 4256 falso
1355 4195 1454 4254 inser·

361 4277 426 4334 tum
439 4275 506 4410 {Sis
517 4355 553 4412 In
567 4353 683 4414 nobis„
699 4371 740 4412 ex
755 4353 821 4411 cod.
837 4355 861 4410 B
876 4352 1009 4412 additum
1026 4357 1084 4413 est.

440 4433 468 4488 4.
490 4432 538 4490 Ad
553 4431 701 4499 verbum:
719 4431 899 4494 “Fornaxn
