3330 5200
88 11 307 99 m
348 7 458 93 ἲ,

370 357 436 428 108

363 484 496 582 Ιο1111
515 483 792 584 suspicabantur,
819 494 854 560 et
872 487 1053 562 substituit
1069 488 1281 583 libertatem,
1299 487 1443 562 dicens:
1476 527 1477 534 κ

367 611 382 645 e
401 589 471 678 Qui
485 613 522 663 se
535 591 651 686 ipsum
664 591 863 670 humiliavit
879 593 924 668 *a
943 593 989 664 Et
1001 601 1045 674 ¹ut
1063 591 1213 690 amplius
1233 592 1441 664 electionem

365 693 519 788 tolleret,
546 694 679 787 Simon,
707 697 774 769 etsi
800 719 950 792 magnus
977 697 1146 768 electione
1174 703 1210 767 et
1228 697 1297 768 duo
1318 702 1444 767 nactus

364 796 517 892 nomina,
545 798 697 873 Simonis
723 824 851 897 nempe
877 807 913 872 et
939 800 1049 892 Petri,
1063 801 1132 872 alio
1158 799 1332 896 discipulo
1354 822 1443 894 opus

257 972 260 979 ,
362 899 496 994 habuit,
516 903 614 998 cujus
633 926 762 976 nomen
778 903 972 998 nnlloloco
983 903 1175 976 indicatum
1193 911 1258 996 est,
1271 903 1332 999 qui
1346 902 1444 998 quie-

362 1003 416 1076 vit
429 1003 467 1076 in
481 1013 622 1101 pectore
635 1005 788 1080 Domini.
802 1008 941 1080 Rursus
959 1005 1055 1079 illius
1069 1007 1232 1104 discipuli
1250 1006 1444 1097 beatitudo,

364 1131 471 1204 quam
490 1132 655 1203 magnam
670 1133 748 1184 esse
767 1111 859 1182 dixit
871 1109 897 1204 ²,
911 1133 1026 1182 noune
1042 1117 1077 1182 et
1088 1118 1234 1208 propter·
1246 1134 1354 1206 opera
1362 1109 1439 1206 ejus
1454 1171 1458 1176 .

362 1235 493 1306 magna
511 1212 616 1312 erat?
638 1213 686 1286 Et
702 1214 740 1288 in
757 1215 925 1311 parabola
941 1214 1088 1286 vineae:
1119 1238 1133 1272 c
1150 1213 1357 1306 Novissimi,
1383 1213 1444 1304 ait,

365 1323 470 1388 erunt
486 1316 592 1414 primi
609 1341 645 1410 η,
664 1342 749 1390 num
777 1341 841 1414 per
860 1341 968 1415 opera
985 1343 1049 1392 sua
1061 1317 1088 1411 5,
1115 1343 1242 1417 anper
1262 1315 1443 1412 gratiam?

363 1419 402 1494 Si
420 1421 486 1492 hoc
503 1420 554 1493 ita
572 1425 637 1510 est,
655 1422 795 1517 quando
813 1423 1019 1496 ostendebat
1037 1422 1188 1518 gratiam
1207 1446 1318 1514 suam,
1339 1417 1445 1518 justi-

364 1523 416 1596 tia
433 1523 510 1621 ejus
527 1523 646 1621 periit,
664 1525 694 1599 si
711 1525 818 1624 primi
835 1532 939 1600 erunt
957 1526 1151 1601 novissimi.

750 1851 982 1928 CAPUT
1025 1851 1073 1925 X.

470 2177 615 2252 Etcum
634 2177 702 2250 duo
720 2179 902 2252 venissent
915 2177 941 2272 ²²,
968 2184 1008 2250 nt
1022 2178 1138 2250 locum
1165 2177 1233 2252 siti
1259 2175 1444 2272 eligerent,

367 2302 437 2376 quo
451 2281 597 2377 collegis
612 2282 685 2354 suis
698 2283 961 2380 praecederent,
976 2282 1067 2378 dixit
1081 2282 1132 2354 eis
1142 2281 1333 2353 Dominus:
1349 2304 1363 2338 a
1377 2280 1446 2352 Po·

367 2383 469 2456 testis
494 2408 557 2458 vos
583 2387 703 2459 bibere
730 2387 884 2480 calicem,
911 2409 1016 2482 quem
1043 2409 1108 2480 ego
1125 2385 1300 2459 bibiturus
1319 2409 1397 2458 sum
1414 2419 1444 2476 n,

367 2494 409 2558 111
426 2487 578 2582 doceret,
595 2490 861 2586 praecedentiae
879 2491 995 2562 locum
1013 2489 1127 2585 pretio
1144 2489 1260 2562 vendi.
1286 2490 1444 2584 Ideoque

369 2591 477 2664 dicit:
516 2592 746 2689 “Propterea
772 2601 807 2666 et
833 2595 931 2668 Deus
958 2592 1129 2666 exaltavit
1164 2600 1200 2664 et
1235 2591 1446 2688 glorificavit
1505 2593 1508 2603 ’

369 2716 451 2767 eum
465 2693 523 2790 ⁵„;
542 2719 644 2769 nemo
664 2698 757 2769 enim
769 2699 882 2794 magis
899 2697 1105 2772 humiliatus
1130 2703 1184 2770 est
1202 2697 1240 2768 in
1258 2721 1321 2770 sua
1344 2702 1446 2768 natu-

368 2823 420 2892 ra,
439 2823 545 2896 qnam
564 2799 739 2896 Christus,
758 2802 841 2898 quia
859 2825 904 2874 ex
922 2801 1115 2874 Divinitate
1143 2807 1228 2873 erat.
1255 2801 1448 2894 Postquam

369 2903 580 3000 didicerunt,
615 2905 709 3002 quod
733 2906 795 2978 ille
830 2906 927 2978 locus
954 2905 1119 3002 operibus
1144 2905 1321 2998 venditur,
1355 2903 1449 2974 hunc

369 3005 409 3078 in
433 3007 576 3080 modum
602 3009 741 3106 pergit:
770 3009 887 3098 Quum
907 3011 983 3106 jam
1009 3008 1193 3102 didicistis,
1219 3010 1313 3082 hunc
1333 3005 1450 3078 locum

370 3111 486 3206 pretio
512 3113 631 3207 vendi,
657 3113 877 3211 perpendite,
903 3113 982 3186 fieri
1013 3136 1129 3209 posse,
1156 3119 1196 3184 ut
1213 3110 1454 3202 inveniantur,

370 3215 434 3310 qui
451 3214 577 3290 fortius
594 3217 695 3292 vobis
713 3217 943 3311 cucurrerint,
956 3217 1015 3292 vel
1041 3216 1181 3290 cursuri
1198 3216 1280 3308 siut,
1306 3223 1342 3288 et
1355 3214 1451 3313 judi-

451 3438 479 3494 1.
500 3437 598 3496 Mars.
614 3440 660 3511 18,
676 3440 704 3496 4.

450 3516 479 3572 2.
502 3515 547 3573 Cf.
562 3516 660 3576 Murri.
677 3519 722 3588 16,
738 3519 774 3576 7:
791 3517 930 3574 “Beatus
946 3531 979 3573 es
994 3515 1095 3575 Simon
1110 3517 1169 3572 eto.
1181 3542 1207 3576 a.

451 3595 479 3651 3.
499 3593 547 3652 Ad
556 3597 697 3655 verbum:
709 3597 769 3655 Per
781 3612 875 3672 opera
889 3611 953 3668 sna,
966 3599 1018 3652 aut
1029 3595 1168 3670 gratiam·
1178 3589 1275 3650 Deest
1288 3589 1320 3647 et
1330 3587 1449 3662 signnm

370 3667 621 3748 interrogationis
647 3675 677 3732 in
704 3679 835 3752 utroque
864 3673 978 3746 codiee,
1007 3674 1087 3750 quod
1114 3673 1205 3730 etiam
1224 3669 1255 3728 in
1268 3669 1335 3728 aliis
1360 3669 1452 3725 inter·
1515 3699 1519 3706 ·

371 3750 579 3824 rogationibus
608 3755 733 3814 excidit.
760 3755 872 3813 Sensus
888 3763 967 3810 'esse
981 3751 1117 3810 videtur:
1138 3752 1217 3810 Num
1227 3747 1384 3808 novissimi
1396 3765 1453 3823 per

373 3843 468 3903 opere
481 3849 546 3904 sua,
559 3853 598 3892 an
611 3852 666 3908 per
679 3833 807 3910 gratiam
822 3831 909 3909 primi
923 3835 1036 3891 erunt?
1055 3832 1086 3891 Si
1100 3831 1175 3890 dicis
1190 3830 1257 3902 hoc,
1273 3827 1353 3903 quod
1366 3825 1452 3884 nimi-

371 3923 438 3965 rum
452 3911 610 3971 novissimi
623 3931 663 3970 ex
678 3932 761 3972 mera
775 3912 874 3987 gratia
889 3915 978 3968 erunt
991 3911 1087 3988 primi,
1115 3909 1336 3967 conclamatum
1351 3909 1398 3963 est
1412 3904 1450 3995 de

368 3987 503 4063 justitia,
519 4007 596 4066 qnae
606 4011 769 4070 numquam
781 3991 950 4051 concedere
961 3994 1072 4067 potest,
1083 3990 1117 4046 ut
1126 3985 1284 4048 novissimi
1294 3986 1359 4044 sine
1370 4001 1451 4044 omni

374 4066 486 4126 merito
500 4070 590 4146 primi
602 4070 685 4129 fiant.
1490 4117 1498 4132 ,

454 4149 483 4205 4.
504 4147 589 4208 Haec
610 4151 705 4209 verba
726 4149 756 4206 in
776 4147 843 4207 cod.
856 4148 885 4207 A
904 4148 935 4207 in
955 4147 1048 4206 rubro
1071 4145 1184 4223 scripta
1205 4142 1286 4214 sunt,
1307 4157 1402 4218 quare
1421 4142 1453 4201 in

373 4226 464 4283 textu
478 4227 558 4286 edito
572 4247 684 4288 novum
699 4227 863 4305 capitulum
886 4227 1003 4305 incipit,
1018 4225 1078 4284 etsi
1089 4225 1120 4282 in
1132 4225 1280 4284 contextu
1303 4221 1452 4281 orationis

349 4329 351 4334 ¹
374 4307 460 4365 nulla
479 4306 660 4384 interruptio
675 4307 765 4367 adsit.
786 4307 823 4364 In
844 4307 954 4366 cod.B
974 4307 1090 4366 nullum
1111 4304 1229 4380 signum
1250 4299 1452 4363 distinctionis

375 4387 404 4448 h.
419 4387 438 4448 l.
451 4385 615 4446 invenitur.
631 4388 733 4447 Terror
745 4385 837 4464 hujus
851 4386 912 4447 loci
925 4387 965 4446 ad
978 4386 1080 4445 Maru.
1093 4385 1141 4458 20,
1155 4384 1203 4441 20.
1219 4382 1347 4457 spectat.

454 4469 482 4526 5.
503 4467 637 4526 anrrr·
651 4469 680 4545 2,
693 4469 720 4526 9.
