3330 5200
358 391 428 464 144

356 518 461 592 rium.
480 517 556 591 Aut
572 516 658 614 quia
674 514 737 592 illo
754 515 910 592 Iudaeus
929 520 1017 608 erat,
1035 523 1072 590 et
1089 541 1111 590 a
1128 514 1370 590 sacerdotibus
1387 536 1450 586 au·

356 621 482 714 dierat,
495 621 616 696 Iesum
630 643 709 693 csse
722 620 967 700 adversarium
980 620 1073 714 legis
1087 627 1123 692 et
1135 619 1318 692 inimicum
1331 618 1450 714 Scrip-

358 729 531 816 turarum,
550 723 791 814 existimabat,
811 723 994 820 Christum
1011 723 1163 798 Iudaeos
1188 721 1285 794 nolle
1312 743 1450 794 sanare.

462 825 510 898 Si
534 825 619 920 vis,
645 835 791 923 potes.
819 827 926 900 Ratio
945 833 981 898 et
1011 827 1136 898 modus
1163 823 1310 922 petendi
1334 823 1454 921 prodit

310 959 313 968 ⁴
358 928 580 1012 dubitantem
598 930 623 1003 ¹.
649 929 701 1001 Te
719 952 836 1026 posse,
863 929 924 1022 ait,
943 929 1033 1023 scio,
1051 937 1171 1004 utrum
1197 928 1300 1021 velis,
1319 927 1450 998 nescio.

357 1033 430 1107 Sed
447 1031 622 1105 Dominus
640 1033 710 1106 duo
727 1032 862 1129 probis
877 1032 1014 1106 duobus
1028 1031 1062 1104 ci
1079 1031 1246 1124 ostendit,
1259 1031 1452 1127 reprehen-

279 1188 284 1196 -
360 1133 539 1228 sionem2,
565 1135 707 1210 cumei
733 1137 968 1229 irasceretur,
996 1142 1033 1207 et
1057 1133 1347 1227 misericordiam,
1373 1154 1454 1204 cum

357 1261 442 1312 eum
461 1246 614 1312 sanaret.
632 1237 724 1327 Quia
734 1238 856 1312 dixit:
877 1239 945 1313 «si
962 1237 1058 1332 vis,„
1074 1239 1186 1312 iratus
1205 1243 1278 1331 est3
1296 1235 1381 1332 quia
1392 1235 1454 1307 ad·-

359 1341 452 1415 didit
471 1347 602 1438 “potes
616 1379 645 1435 s,
672 1363 753 1415 eum
780 1341 931 1434 sanavit,
953 1347 1005 1434 ut,
1032 1341 1123 1414 sicut
1149 1362 1291 1413 carnem
1318 1340 1362 1412 ab
1389 1337 1455 1410 im·
1545 1387 1551 1405 ‚

360 1441 546 1538 munditia,
563 1443 614 1517 ita
640 1449 676 1514 ct
702 1445 859 1518 animum
883 1444 1057 1541 leprosia
1082 1444 1203 1540 pravis
1229 1441 1455 1540 opinionibus

360 1553 543 1644 purgaret.
570 1547 683 1619 Docet
712 1554 832 1619 autem
862 1571 943 1619 cum
970 1548 1114 1620 dicens:
1141 1545 1270 1620 Vade
1296 1545 1350 1618 ad
1377 1566 1456 1616 eos

362 1649 427 1744 qui
444 1649 515 1746 ipsi
541 1649 675 1745 impuri
702 1657 785 1722 sunt
802 1657 838 1722 et
855 1651 1035 1724 tedocere
1063 1673 1135 1722 non
1158 1655 1322 1747 possunt,
1344 1654 1381 1720 et
1398 1646 1457 1718 of·

362 1752 434 1825 fer
459 1775 623 1826 munus
649 1775 714 1849 pro
744 1753 991 1850 purificatione
1022 1760 1096 1847 tua,
1133 1753 1225 1824 sicut
1253 1750 1399 1849 Moyses
1422 1755 1486 1820 te·

363 1853 513 1927 edocuit.
531 1855 703 1946 Etpdicit:
721 1856 786 1928 Ne
813 1856 888 1928 cni
914 1857 1057 1949 dicas,
1074 1879 1120 1928 ne
1139 1855 1341 1928 sacerdotes
1355 1859 1458 1950 puta

363 1965 456 2050 rent,
474 1957 554 2031 ideo
580 1960 664 2056 quia
681 1955 877 2054 conquesti
892 1967 985 2054 sunt,
1008 1960 1188 2055 leprosum
1215 1959 1376 2055 ipsorum
1403 1978 1459 2029 re-

365 2060 549 2134 cordatum
579 2085 670 2155 esse,
698 2067 735 2134 et
761 2062 932 2135 obtulisse
959 2061 1181 2136 sacrificium.
1208 2061 1314 2156 Tace,
1331 2059 1392 2153 ait,
1423 2063 1460 2129 et

365 2162 397 2236 si
416 2185 476 2235 eos
494 2163 625 2238 adieris
644 2171 679 2236 et
707 2171 745 2236 to
775 2165 1010 2260 interrogant,
1037 2165 1212 2261 quomodo
1234 2171 1379 2238 sanatus
1399 2159 1461 2255 sis,

365 2265 515 2358 discant,
532 2267 620 2340 mihi
636 2289 742 2339 curae
762 2291 853 2361 esse,
874 2267 994 2362 legem
1011 2268 1130 2365 Moysi
1146 2292 1218 2341 non
1235 2265 1380 2364 despici

472 2368 520 2441 Si
545 2369 629 2463 vis,
656 2377 793 2466 potes
819 2395 883 2442 mc
911 2372 1146 2444 mundare.
1179 2369 1366 2444 Vidithic
1392 2367 1460 2458 vir,
1498 2393 1505 2398 ’

366 2469 559 2544 Dominum
588 2496 660 2545 non
690 2495 813 2546 omnes
842 2479 1000 2548 mortuos
1033 2475 1218 2565 suscitare,
1239 2495 1305 2544 nec
1335 2492 1459 2544 omncs

367 2577 512 2648 morbos
539 2597 677 2670 sanare,
695 2573 789 2649 unde
817 2576 1047 2671 existimavit,
1065 2577 1171 2674 quod,
1189 2599 1278 2672 quos
1295 2573 1461 2666 voluerit,

369 2683 481 2770 sanat,
509 2677 659 2775 ideoque
691 2679 725 2750 ei
756 2679 870 2752 dixit:
892 2680 1084 2774 «Domine,
1113 2681 1144 2752 si
1175 2679 1242 2769 vis,
1273 2685 1375 2776 potes
1403 2697 1461 2748 me

369 2780 571 2855 mundare„
592 2781 791 2878 Propterea
801 2782 977 2856 Dominus
991 2807 1056 2880 per
1070 2781 1351 2878 indignationem
1364 2802 1463 2852 mon-

369 2883 508 2974 stravit,
527 2907 565 2956 se
592 2909 663 2957 non
681 2908 728 2956 ex
753 2908 986 2982 personarum
1005 2885 1211 2982 acceptione
1235 2907 1371 2957 sanare.
1389 2881 1463 2954 Vc·

368 3009 449 3057 rum
467 2986 552 3082 quia
564 2987 714 3062 credidit
727 2987 868 3060 dicens:
889 3011 904 3046 e
920 2989 958 3062 Si
971 2989 1037 3083 vis,
1050 2995 1153 3086 potes
1170 3011 1229 3060 me
1245 2985 1417 3060 mundare
1430 3023 1461 3080 e,

368 3088 544 3162 Dominus
565 3113 646 3162 curn
664 3093 821 3164 sanando
840 3091 1007 3184 ostendit,
1026 3115 1065 3165 se
1083 3091 1189 3164 fidem
1207 3113 1279 3162 non
1303 3089 1462 3186 rejicere.

371 3191 513 3266 Rursus
532 3217 641 3288 quum
670 3193 835 3290 leprosus
866 3193 1017 3289 videret,
1037 3217 1058 3267 a
1081 3193 1322 3267 sacerdotibus
1352 3190 1463 3266 variis

371 3295 415 3367 de
433 3295 535 3392 lepra
552 3296 646 3370 datis
672 3297 873 3394 praeceptis
900 3297 1062 3394 leprosos
1088 3295 1288 3392 defatigari,
1314 3295 1402 3392 quin
1419 3296 1464 3368 ab

371 3399 424 3472 eis
444 3407 667 3493 sanarentur,
685 3400 905 3472 ceremoniae
932 3401 1025 3497 legis
1043 3401 1082 3472 in
1099 3399 1212 3472 oculis
1231 3400 1308 3496 ejus
1332 3399 1401 3471 hac
1417 3421 1465 3470 ex

371 3523 480 3574 causa
505 3501 738 3596 vilescebant,
764 3503 914 3598 ideoque
941 3504 1052 3580 dixit:
1083 3504 1155 3578 usi
1179 3503 1247 3597 vis,
1278 3507 1381 3596 potes
1407 3523 1465 3574 mo

372 3603 543 3676 mundare
556 3643 584 3678 a.
603 3605 722 3694 Quare
740 3605 913 3679 Dominus
931 3614 1078 3704 propter
1095 3607 1160 3680 has
1183 3603 1415 3702 cogitationes
1433 3603 1466 3688 ei

372 3707 486 3780 iratus
504 3713 560 3779 est
577 3715 613 3780 et
630 3708 797 3807 deinceps
817 3710 851 3782 ei
876 3711 1078 3807 praecepit:
1099 3733 1113 3768 e
1132 3709 1247 3804 Vade,
1265 3706 1412 3780 ostendo
1430 3712 1466 3778 te

372 3807 491 3904 ipsum
518 3811 759 3886 sacerdotibus
786 3818 822 3884 ct
843 3813 963 3907 legem
989 3813 1118 3910 imple,
1145 3836 1253 3908 quam
1283 3809 1422 3906 spernis
1436 3831 1465 3884 s.

374 3909 488 3988 Porro
508 3912 575 3984 hoc
600 3913 695 4010 fecit,
714 3916 799 4012 quia
823 3915 988 4012 leprosus
1014 3917 1253 4010 existimabat,
1282 3912 1467 3987 Christum

374 4009 470 4092 idem
494 4017 640 4110 sentire,
658 4043 767 4117 quum
793 4021 966 4094 nonnulla
983 4045 1030 4095 ex
1046 4019 1134 4114 ¹lege
1161 4041 1243 4093 eum
1270 4016 1468 4091 solventem

457 4314 485 4372 1·
505 4312 711 4376 ItaAucher:
732 4315 905 4394 Verbosis
928 4315 1099 4378 habentur:
1124 4316 1215 4392 Ratio
1230 4316 1262 4375 et
1284 4309 1395 4374 modus
1418 4311 1468 4370 est
1498 4295 1504 4304 ⁸

376 4390 558 4469 patentium,
571 4392 669 4453 verbe
682 4398 754 4456 sunt
766 4395 981 4456 dubitantium·

455 4472 485 4530 2.
505 4467 604 4531 Maec·
620 4474 648 4550 1,
662 4473 710 4533 43.
