3330 5200
1245 379 1318 455 ,143

228 487 321 596 1111,
334 501 372 575 in
389 526 459 602 quo
485 491 717 581 recordantur
745 510 815 582 11111
841 507 994 583 nominis
1009 505 1033 579 ⁴.
1061 505 1214 606 Rursus,
1231 508 1318 604 quia

225 603 355 678 mulier
371 607 535 680 dixerat:
549 633 572 688 ,1
589 611 665 684 Vos
683 613 812 707 dicitis,
829 613 867 685 in
883 611 1080 687 Ierusalem
1105 617 1244 686 tantum
1262 616 1317 684 est

224 703 324 780 locus
342 707 570 806 adorationis,
587 721 623 786 11
641 722 760 810 patres
777 715 949 803 nostriin
966 717 1034 788 111
1051 720 1169 786 monte
1192 714 1317 788 adora-

225 806 393 904 verunt„
413 820 454 890 ut
472 813 506 886 ci
526 819 743 910 ostenderet,
756 819 873 916 Deum
890 841 961 891 non
979 841 1057 897 esse
1085 817 1318 914 corporalem,

226 911 298 985 ait:
324 913 552 995 Profecto
578 920 681 994 dico
708 921 821 996 tibi:
848 923 943 996 Nec
968 920 1015 997 in
1040 922 1124 994 hoc
1149 927 1314 1012 monte,

226 1037 307 1120 nec
346 1016 393 1092 in
431 1021 699 1096 Ierusalem
739 1025 1013 1119 adorabunt,
1041 1021 1313 1097 111111111-

226 1117 477 1195 doratores
504 1125 769 1202 adorabunt
788 1127 934 1202 Patrem
951 1150 1016 1224 per
1034 1124 1206 1224 Spiritum
1225 1125 1314 1198 san„

224 1227 318 1294 ctum
345 1223 393 1312 in
418 1227 631 1302 veritate
650 1270 678 1305 1.
708 1231 952 1306 ιι1111111111
978 1239 1112 1324 monte,
1132 1251 1199 1314 nec,
1216 1229 1315 1302 Iero-

223 1323 371 1420 solymis
389 1327 598 1426 adorabunt,
616 1373 632 1408 s
652 1357 721 1430 quo
740 1334 906 1428 ostendit,
925 1333 1168 1406 adorationem
1186 1330 1261 1404 fore
1275 1331 1315 1406 in

221 1427 389 1510 universa
402 1437 500 1507 terra
511 1441 593 1532 post
609 1437 714 1510 ficum
728 1435 905 1512 excissam
916 1436 944 1532 ²,
962 1460 1053 1534 quae
1070 1433 1313 1508 adorationem

219 1527 446 1631 impediebat.

225 1665 228 1670 ’
326 1635 373 1710 si
399 1638 484 1734 vis,
523 1639 730 1735 Domine,
757 1649 893 1740 potes
920 1667 986 1715 me
1026 1665 1206 1716 sanare.
1241 1637 1311 1712 Le-

174 1791 190 1808 ..
219 1759 348 1832 prosus
365 1740 417 1812 ita
434 1765 553 1815 secum
571 1743 772 1840 cogitabat:
794 1745 991 1822 uForsitan
1008 1745 1128 1840 legem
1146 1746 1314 1816 observat

220 1845 261 1909 ut
276 1841 453 1938 Elisaeus,
466 1846 527 1942 qui
545 1848 591 1920 ad
608 1849 773 1922 Naaman
789 1873 862 1921 non
878 1849 991 1923 exivit
1008 1887 1038 1941 a,
1052 1846 1146 1944 quod
1164 1847 1311 1920 dubium

218 1939 393 2027 Dominus
425 1970 506 2020 eum
537 1951 717 2046 tangendo
759 1952 866 2026 solvit
896 1959 933 2026 11
963 1951 1092 2042 docuit,
1111 1947 1312 2046 legislatori

216 2042 335 2150 legem
368 2051 508 2124 obstare
528 2075 600 2125 non
629 2077 745 2150 posse.
762 2057 839 2129 Aut
855 2055 1020 2153 leprosus
1052 2053 1312 2150 suspicabatur,

218 2171 299 2230 eum
318 2175 340 2222 a
359 2151 442 2247 lege
469 2153 626 2230 alienum
644 2165 680 2230 et
705 2157 780 2254 legi
798 2158 1014 2232 contrarium
1042 2181 1139 2250 esse,
1157 2178 1310 2254 quapro-

216 2257 297 2346 pter
315 2253 490 2330 Dominus
508 2258 644 2332 occulte
663 2267 700 2334 et
716 2260 857 2360 publice
877 2285 958 2333 eum
977 2259 1127 2354 sanavit,
1144 2283 1190 2332 ne
1208 2258 1310 2332 forsi-

179 2377 181 2380 ·
215 2359 277 2426 tan
296 2360 528 2454 corporaliter
547 2369 692 2435 sanatus
720 2363 954 2461 spiritualiter
982 2364 1150 2437 damnum
1170 2370 1311 2460 patere·

217 2461 283 2530 tur.
325 2459 476 2555 Vade,
513 2467 710 2538 ostende
747 2466 1076 2564 teipsum„,i.
1104 2489 1134 2538 1.
1162 2471 1310 2562 propter

215 2561 417 2637 sacerdotes
435 2567 582 2640 ostende
601 2573 647 2642 tc.
661 2568 758 2658 Quia
774 2570 953 2662 timuerat,
972 2567 1165 2668 Domipum
1182 2576 1307 2666 tange·

215 2687 265 2754 re,
284 2689 329 2736 ne
348 2665 568 2744 immundum
587 2694 668 2744 eum
685 2672 829 2766 laceret,
837 2669 1012 2744 Dominus
1030 2673 1107 2767 ipse
1127 2695 1208 2744 eum
1227 2673 1310 2746 teti·
1409 2766 1410 2770 Ἰ

215 2767 278 2860 git,
296 2777 337 2840 ut
356 2769 389 2841 ei
407 2773 623 2868 ostenderet,
651 2797 688 2848 se
707 2797 779 2847 non
804 2781 941 2846 tantum
962 2797 1028 2874 per
1047 2798 1129 2845 eum
1156 2775 1308 2848 immun·

215 2867 297 2942 dum
316 2895 389 2944 non
419 2874 509 2969 fieri,
529 2877 593 2950 sed
620 2883 656 2950 et
681 2875 943 2950 immunditiam
970 2901 1033 2950 suo
1064 2877 1231 2949 mandato
1262 2880 1307 2952 ab

213 2970 405 3051 immundis
433 2979 614 3073 aufugere.
639 2979 742 3070 Quod
769 2981 943 3055 Dominus
969 2979 1112 3078 leproso
1139 2979 1306 3074 ostendit,

213 3074 249 3146 id
276 3085 418 3154 tentans
446 3083 546 3180 operi
572 3080 823 3156 accomodavit.
841 3087 1046 3182 Antequam
1071 3083 1109 3154 in
1135 3081 1205 3154 tide
1224 3107 1306 3160 eum

214 3185 379 3275 tentaret,
397 3193 547 3258 noverat
565 3207 665 3280 eum,
683 3193 823 3259 tentare
852 3188 958 3284 enim
974 3186 1051 3259 sine
1068 3186 1308 3284 praescientia

210 3280 452 3376 ignorantium
484 3293 549 3361 est.
588 3288 764 3364 Dominus
807 3289 1009 3388 succensuit
1051 3289 1193 3386 utrique
1207 3289 1241 3385 ⁵3
1275 3289 1306 3362 si

212 3385 306 3458 euim
324 3387 505 3486 leprosum
523 3415 596 3465 non
612 3398 787 3488 tangeret,
806 3393 924 3490 opinio
944 3394 1107 3490 ejuspcr
1131 3393 1199 3466 hoc
1225 3417 1307 3468 con-

213 3487 430 3587 firmabatur,
449 3491 642 3567 Dominum
659 3520 681 3567 a
697 3496 800 3592 lepra
816 3497 963 3592 timere,
982 3505 1018 3570 et
1037 3495 1068 3568 si
1086 3520 1167 3569 curn
1181 3504 1307 3595 tange·

211 3597 278 3685 ret,
296 3596 511 3669 contrarium
537 3598 575 3670 in
601 3605 756 3672 mentem
784 3600 860 3696 ejus
882 3599 1096 3693 incurrebat,
1113 3599 1306 3686 Dominum

213 3694 457 3770 adversarium
477 3707 556 3773 esse
574 3701 677 3796 legis.
703 3703 790 3778 Ideo
809 3703 1008 3778 extendens
1034 3727 1178 3776 manum
1206 3728 1306 3776 suam

213 3795 436 3882 divinitatem
464 3804 621 3876 ostendit
647 3812 683 3877 et
709 3803 970 3904 immunditiam
1008 3805 1169 3902 expulit;
1197 3811 1307 3882 verbo

210 3908 329 3978 autem
348 3903 420 3977 oris
439 3905 495 3978 sui
514 3907 722 3982 electionem
743 3933 843 3982 suam
860 3909 1119 4008 demonstravit
1136 3917 1172 3982 ct
1191 3911 1307 4008 suspi-

210 4001 347 4078 cionem
365 4009 529 4105 remcvit,
548 4035 586 4086 se
606 4032 684 4086 esse
704 4012 824 4109 alege
843 4013 1000 4088 alienum
1018 4021 1054 4088 et
1070 4011 1145 4109 legi
1168 4009 1307 4086 contra·

289 4228 317 4281 1.
337 4223 438 4299 Exon,
453 4228 501 4300 20,
516 4229 564 4287 21.

288 4303 318 4358 2.
338 4301 428 4362 Ficui
440 4304 548 4364 Iudaei
561 4309 777 4384 comparantur
789 4309 871 4389 apud
883 4309 984 4370 Muru-
1000 4310 1048 4370 21.
1065 4311 1113 4368 19.

286 4381 315 4437 3.
335 4381 385 4438 Ι11
398 4381 538 4443 11111111
549 4384 675 4446 habent·
685 4387 722 4446 In
736 4387 863 4464 Syriaco
878 4390 955 4452 haee
967 4389 1011 4452 its
1032 4386 1128 4450 fuisso
1154 4385 1305 4466 conjiei⁰.³

208 4451 394 4534 Agitabatur
407 4460 557 4527 Dominus
567 4481 622 4545 per
636 4469 809 4547 utrumque.
