3330 5200
348 337 435 412 154Δ

347 471 478 544 urbem
490 463 630 542 Iericho
647 465 857 560 subversam
876 469 912 539 ot
930 467 1123 540 subversus
1141 471 1197 540 est
1214 465 1437 566 principatus

347 594 434 669 ejus.
989 651 993 659 ‚

452 671 626 746 Dominus
644 694 754 768 quum
770 670 969 744 Ecclesiam
991 695 1091 746 suam
1109 671 1322 767 aedificaret,
1341 671 1437 746 aedi-

348 775 467 848 ficavit
496 777 635 870 turrim,
649 851 653 857 ,
666 775 767 872 cujus
783 775 1025 848 (fundamenta
1056 777 1185 868 omnia,
1206 799 1306 872 'quac
1338 782 1440 848 erant

349 879 697 974 superaedificanda,
728 884 872 973 portare
916 886 1073 972 possent.
1123 879 1439 972 Quemadmodum,

348 975 459 1075 quum
475 1005 548 1054 una
572 982 697 1077 lingua
715 980 830 1052 divisa
848 985 902 1051 est
920 980 959 1050 in
975 981 1118 1074 multas,
1137 1004 1182 1052 ne
1209 980 1370 1056 homines
1391 982 1451 1065 ad⁸

348 1083 487 1156 coelum
504 1085 748 1176 ascenderent,
767 1085 1034 1178 (coercebantur
1053 1084 1234 1176 nimirum,
1252 1077 1293 1154 ut
1309 1107 1382 1156 non
1394 1084 1440 1156 ad

347 1187 489 1280 turrim,
509 1187 572 1259 sed
589 1187 635 1260 ad
654 1187 833 1282 justitiam
859 1187 1113 1281 confugerent3
1131 1210 1204 1258 non
1236 1186 1331 1257 enim
1356 1209 1438 1282 pro-

258 1298 261 1302 ’
348 1289 459 1361 funda
475 1292 625 1386 abyssus
645 1291 819 1364 diluvium
838 1289 889 1360 eis
906 1290 1126 1384 protulisset,
1146 1289 1177 1366 si
1193 1289 1238 1360 ad
1266 1289 1436 1378 excelsa*

349 1392 604 1488 confugissent,
623 1400 679 1465 ast
696 1391 871 1489 injustitia
896 1392 1081 1467 suffocavit
1100 1399 1136 1463 ct
1153 1387 1372 1489 poenitentia
1397 1391 1440 1462 li-

352 1495 503 1588 beravit,
521 1496 544 1567 i.
564 1519 594 1566 c.
608 1496 750 1592 justitia
777 1493 961 1588 servavit)
980 1495 1288 1591 quemadmodum,
1308 1496 1375 1590 ajo,
1401 1494 1440 1566 in

352 1597 610 1693 dispersionem
630 1621 751 1670 eorum
770 1597 880 1669 turris
897 1598 1079 1670 terrestris
1100 1607 1135 1671 ct
1153 1597 1348 1670 aedificatio
1364 1597 1440 1670 diu-

351 1706 459 1772 turna
486 1707 522 1773 et
547 1701 725 1798 refugium
751 1700 883 1772 laboris
910 1699 1120 1797 impeditum
1147 1708 1212 1795 est,
1242 1701 1294 1772 ita
1318 1706 1443 1796 postea

351 1803 460 1876 ctiam
487 1803 650 1878 Salvator
676 1805 753 1901 ipse
779 1802 982 1876 hominibus
1009 1805 1138 1901 turrim
1164 1802 1333 1896 confecit,¹
1350 1827 1440 1898 quae

351 1906 449 1978 ducit
468 1908 514 1979 ad
541 1907 694 2002 excelsa,
712 1914 748 1978 et
766 1909 940 1998 arborem,
959 1907 1058 2004 cujus
1084 1907 1226 1980 fructus
1245 1907 1442 1979 remedium

352 2017 436 2082 sunt
453 2010 558 2082 vitae.
1241 2073 1245 2080 .

454 2112 520 2184 Tu
546 2136 593 2184 es
617 2117 767 2208 petra,
793 2110 858 2184 illa
874 2115 989 2206 petra,
1006 2136 1111 2207 quam
1130 2112 1257 2206 erexit,
1274 2118 1315 2183 ut
1336 2111 1436 2186 Sata-

351 2237 417 2287 nas
434 2213 472 2286 in
491 2220 567 2287 c'am
596 2215 801 2287 offenderet.
827 2215 983 2287 Econtra
1010 2215 1159 2288 Satanas
1185 2216 1277 2288 hanc
1303 2222 1442 2310 petram

350 2317 503 2392 Domino
529 2341 707 2414 opponere
725 2317 849 2410 uoluit,
867 2323 908 2388 ut
932 2315 971 2388 in
997 2340 1075 2389 eam
1101 2317 1307 2412 offenderet,
1329 2342 1438 2412 quum

349 2421 481 2493 Petrus
503 2420 548 2492 ad
574 2420 766 2502 Dominum
792 2420 946 2492 diceret:
969 2421 1120 2514 “Absit
1137 2419 1290 2493 Domine
1307 2459 1336 2494 s.
1362 2421 1440 2494 Noa

350 2547 425 2596 non
442 2523 652 2616 diceremus,
672 2523 838 2596 Seianam
858 2524 908 2594 ita
926 2522 1113 2618 cogitasse,
1131 2523 1202 2596 nisi
1220 2525 1251 2597 is
1270 2523 1332 2618 qui
1355 2522 1443 2594 scie-

350 2628 413 2700 bat
426 2625 453 2719 2,
471 2625 509 2696 id
526 2625 752 2698 manifestum
770 2626 913 2700 lecisset
944 2626 1086 2698 dicens:
1108 2627 1242 2699 “Vade
1261 2632 1369 2718 retro,
1388 2650 1444 2698 sa·

351 2735 446 2823 tana,
465 2728 548 2824 quia
566 2729 772 2801 scandalum
790 2753 828 2802 es
846 2729 934 2802 mihi
951 2767 979 2803 a.
1006 2730 1057 2800 At
1074 2728 1248 2802 Dominus
1265 2731 1357 2802 hanc
1382 2752 1445 2825 pa-

351 2838 445 2904 tram
472 2833 623 2928 sumpsit
641 2840 676 2904 ct
694 2838 790 2904 retro
809 2855 831 2904 a
852 2855 890 2904 se
916 2832 1079 2928 projecit,
1095 2838 1136 2905 ut
1162 2839 1354 2905 sectatores
1381 2831 1445 2904 Sa-

351 2940 456 3006 tanae
482 2935 520 3006 in
547 2958 626 3006 eam
651 2934 884 3028 offenderent,
907 2933 1073 3030 quoniam
1094 2957 1109 2992 a
1127 2940 1323 3008 retrorsum
1351 2935 1448 3008 abie-

352 3045 438 3110 runt
456 3044 492 3108 ct
508 3037 547 3107 in
564 3043 696 3110 terram
719 3038 890 3133 prostrati
921 3043 1004 3109 sunt
1020 3075 1035 3111 a
1052 3036 1079 3110 5.
1110 3037 1302 3110 Nemini
1329 3036 1446 3109 dica·
1491 3056 1495 3059 ·

354 3139 419 3225 tis
448 3138 499 3211 de
527 3140 747 3236 mequod
774 3164 871 3212 sum
894 3139 1132 3234 Christus,
1151 3139 1173 3212 i.
1193 3163 1222 3211 e.
1242 3163 1314 3214 non
1333 3140 1448 3212 solum

353 3242 473 3316 verbis
491 3242 680 3314 veritatem
698 3242 742 3313 de
760 3266 817 3314 me
836 3241 1024 3335 ostendite,
1044 3243 1107 3314 sed
1125 3243 1292 3340 operibus
1312 3250 1348 3314 et
1372 3265 1447 3314 me-

352 3345 443 3418 ritis.
464 3343 636 3416 Similiter
654 3369 764 3439 quum
782 3345 1039 3417 descenderent
1052 3346 1101 3444 de
1119 3352 1251 3441 monte,
1275 3345 1326 3416 eis
1347 3369 1447 3416 man-

354 3447 476 3520 davit:
497 3469 512 3504 s
531 3445 676 3540 Cavete,
689 3470 735 3520 ne
753 3449 809 3520 cui
827 3447 952 3520 dicatis
969 3447 1155 3542 visionem,
1169 3472 1276 3544 quam
1292 3447 1448 3549 vidistis„

354 3547 466 3622 donec
483 3549 577 3622 filius
594 3549 748 3622 hominis
766 3575 788 3622 a
805 3551 954 3624 mortuis
974 3550 1200 3625 surrexeritl
1217 3591 1246 3626 η.

456 3653 574 3724 Ecce
602 3653 899 3726 ascendimus
925 3654 1272 3751 lerosolymam
1298 3659 1345 3724 et
1369 3653 1449 3725 im-

352 3751 550 3850 plentur
589 3755 750 3848 omnia,
778 3779 892 3856 quae
932 3757 1115 3852 scripta
1142 3763 1250 3830 sunt
1279 3756 1332 3828 de
1367 3778 1445 3848 me,

356 3855 467 3954 quia
492 3864 685 3954 oportet
723 3859 900 3932 Filium
932 3859 1138 3932 hominis
1177 3861 1225 3932 in
1263 3863 1449 3932 crucem

403 4157 405 4162 ,
437 4089 463 4144 1.
485 4085 620 4146 Excelsa
632 4087 661 4146 lr.
672 4087 691 4147 l.
707 4091 777 4148 sunt
790 4093 946 4165 montana,
960 4091 1014 4150 ubi
1028 4090 1103 4150 Seth
1122 4085 1190 4151 cum
1208 4093 1302 4170 justis
1326 4089 1448 4152 habita·

354 4162 418 4242 bat,
432 4165 505 4301 {lurp
511 4165 855 4306 IOsaipliitppipgmtpestria
867 4168 1074 4307 impellebant.t
1176 4253 1188 4308 t

431 4262 917 4396 tilonmldddan’fflo·
972 4264 1199 4325 sumpumes.

431 4401 460 4457 4·
480 4401 579 4458 Maru.
595 4403 642 4474 17,
656 4403 685 4460 9.

1463 4293 1483 4331 Ο
