3344 5200
375 362 446 438 252

378 494 582 592 praescivit,
605 495 780 592 populum
807 459 1002 566 in'Filium
1029 517 1100 569 non
1127 493 1346 568 crediturum
1374 520 1466 591 esse,

375 597 497 672 docuit
514 623 594 672 eum
623 623 688 694 per
715 605 930 695 serpentem,
948 603 988 670 ut
1005 599 1236 672 confunderet
1259 599 1468 698 crucifigen-

376 708 443 795 tes,
462 702 547 796 quia
563 701 625 774 ille
653 700 806 798 populus
825 701 1017 796 imaginem
1043 701 1239 774 saluatoris
1265 705 1381 776 nostri
1409 725 1468 776 co·
1500 715 1506 725 ·

271 823 276 834 ·
357 803 503 878 ¹luerat.

479 907 727 981 Seminarium
748 909 967 980 combustum
986 911 1022 978 01
1039 905 1212 1002 templum
1224 907 1380 982 dirutum
1399 917 1468 1004 001,

374 1015 416 1082 ut
434 1015 558 1106 typum
578 1011 714 1084 Christi
740 1011 978 1100 efformarent,
995 1010 1080 1102 quia
1105 1033 1234 1106 corpus
1254 1011 1330 1106 ejus
1353 1019 1468 1084 011110-

374 1119 477 1184 turae
495 1115 620 1210 templi
639 1112 755 1184 simile
773 1119 839 1206 est,
858 1119 894 1182 01
911 1110 1102 1205 Babylonii
1129 1111 1263 1194 similes
1281 1121 1366 1186 sunt
1386 1137 1468 1188 cru·

373 1214 610 1312 oifigentibus.
640 1217 678 1289 Si
705 1215 847 1310 objicis,
874 1213 989 1286 Deum
1015 1215 1104 1286 haec
1137 1222 1285 1312 propter
1319 1227 1468 1314 peccata

373 1339 497 1390 eorum
527 1319 668 1416 fecisse,
693 1341 836 1414 quaero,
854 1317 939 1412 quid
966 1317 1193 1412 peccauerint
1223 1319 1397 1414 templum
1429 1327 1466 1394 et

372 1419 498 1513 altare,
530 1421 659 1492 Daniel
685 1442 824 1516 quoque
852 1426 888 1490 et
916 1419 1002 1490 socii
1029 1419 1131 1514 ejus?
1159 1419 1467 1507 Quemadmodum

375 1521 519 1595 1100011
536 1524 812 1596 consolationem
838 1521 930 1594 facta
956 1529 1039 1593 sunt
1059 1521 1231 1618 justitiae,
1259 1524 1343 1618 quia
1372 1526 1466 1600 dona

372 1626 550 1720 promissa
566 1651 632 1723 per
662 1627 753 1698 11010
783 1625 1054 1697 retributionem
1084 1624 1318 1722 advenerunt,
1340 1627 1465 1700 eodem

252 1801 256 1806 ,
373 1729 533 1800 modoet
553 1729 697 1824 justitia
721 1727 998 1802 consolationem
1026 1727 1172 1826 accepit
1187 1751 1252 1824 per
1270 1752 1399 1826 corpus
1425 1731 1464 1802 iu

371 1851 513 1902 crucem
532 1831 677 1924 elatum,
697 1838 737 1904 ut
756 1837 792 1901 et
818 1853 882 1928 per
908 1828 1082 1924 templum
1100 1830 1268 1904 dirutum.
1290 1855 1305 1888 0
1322 1832 1368 1906 11
1389 1855 1464 1906 ser·

371 1933 426 2004 vis
446 1935 531 2026 suis,
550 1935 611 2028 ait,
631 1933 908 2006 consolationem
925 1933 1033 2004 habet
1050 1973 1065 2007 η
1085 1933 1109 2007 ¹.

475 2037 600 2108 Prima
614 2037 693 2109 laus
712 2036 894 2110 Creatoris
913 2043 978 2126 001,
1002 2036 1096 2131 quod
1122 2035 1247 2110 fecerit
1273 2060 1397 2132 opera,
1410 2037 1464 2110 al-

372 2144 461 2230 tera,
480 2141 574 2234 quod
593 2163 631 2212 se
650 2141 768 2235 ipsum
794 2137 963 2234 operibus
990 2138 1063 2210 suis
1090 2139 1275 2212 revelavit.
1303 2141 1403 2214 Sicut
1420 2163 1466 2212 ca

372 2241 551 2336 cognovit,
581 2242 631 2314 ita
659 2241 783 2334 voluit,
810 2248 850 2312 ut
875 2243 919 2314 ab
946 2241 997 2312 eis
1028 2249 1312 2338 cognosceretur.
1329 2243 1388 2316 Ab
1419 2267 1463 2314 eo

370 2344 546 2436 processit
574 2369 704 2418 nomen
734 2343 942 2436 divinitatis,
960 2343 1053 2440 quod
1081 2343 1228 2420 veniens
1259 2345 1393 2418 resedit
1424 2346 1465 2418 11

369 2444 495 2540 Moyse
509 2447 536 2540 ²,
555 2454 594 2518 ut
612 2447 784 2543 Aegyptii
810 2445 926 2518 Deum
944 2443 1101 2518 omnium
1129 2469 1249 2518 rerum
1271 2469 1464 2542 cognosce·

369 2556 461 2622 rent.
479 2552 538 2624 Ab
556 2551 680 2623 eodem
698 2550 774 2623 Deo
801 2549 975 2645 processit
992 2549 1149 2624 Verbum
1177 2552 1378 2624 0111011010
1399 2551 1465 2624 ha-

368 2650 551 2726 1111011111
570 2677 688 2746 001110,
706 2661 820 2726 utres
838 2657 977 2723 creatae
995 2649 1141 2722 Patrem
1164 2655 1321 2726 omniurn
1339 2649 1462 2726 rerum

369 2763 632 2848 cognoscerent.
665 2757 708 2830 In
739 2754 880 2828 nomine
914 2776 1000 2848 ergo
1031 2753 1264 2826 (1111111011οῧ
1293 2757 1465 2830 divinitas

368 2855 452 2928 Filii
470 2860 740 2954 praedicabatur
760 2858 851 2931 etin
867 2859 1010 2928 nomine
1028 2855 1142 2930 Filiil
1160 2857 1364 2932 Paternitas
1390 2859 1462 2930 Dei

281 2998 285 3008 =
368 2959 555 3034 manifesta
580 2964 674 3034 faeta
700 2969 764 3034 001.
793 2959 966 3055 Aegyptii
984 2983 1055 3030 non
1081 2960 1271 3034 audierunt
1297 2961 1464 3054 Moysen,

370 3067 406 3132 et
422 3063 526 3159 virga
544 3065 620 3160 ejus
648 3064 795 3136 cruciati
821 3069 915 3155 sunt,
933 3061 1161 3137 crediderunt
1193 3071 1312 3136 autem
1340 3062 1462 3138 11111-

368 3161 468 3258 lium,
487 3174 524 3239 et
541 3191 644 3239 cruce
663 3169 739 3264 ejus
767 3165 895 3239 salvati
924 3173 1016 3238 sunt.
1044 3165 1180 3238 Baculo
1196 3165 1345 3262 Moysis,
1372 3173 1462 3262 typo

367 3271 494 3364 crucis,
510 3271 633 3367 populi
651 3271 986 3368 praemonebantur,
1005 3268 1179 3364 Aegyptii
1197 3269 1234 3342 in
1253 3270 1365 3366 signis
1383 3268 1463 3365 pla-

368 3394 495 3464 garum
515 3379 552 3445 et
568 3373 788 3446 Amaleoitae
806 3371 844 3442 11
870 3371 1007 3466 praelio
1034 3370 1319 3468 experimentum
1342 3371 1461 3444 crucis

366 3473 577 3548 didicerunt.
597 3477 714 3564 Quum
742 3475 848 3548 rudes
875 3474 990 3546 adhuc
1007 3479 1138 3568 essent,
1154 3481 1240 3572 typo
1258 3475 1374 3548 crucis
1401 3498 1461 3547 re-

367 3577 563 3672 genantur,
581 3603 691 3672 quum
709 3583 827 3650 autem
856 3576 907 3648 010
934 3598 1023 3650 crux
1041 3577 1462 3674 apparuissetdoctrina

364 3683 402 3748 et
432 3678 655 3754 institutione
686 3682 762 3778 ejus
793 3687 961 3774 tanquam
993 3679 1184 3765 illuminati
1211 3687 1247 3752 et
1276 3681 1459 3776 sapientes

365 3779 503 3856 inventi
521 3791 614 3857 sunt.
633 3785 732 3856 Deus
750 3783 859 3880 igitur
877 3781 1061 3854 1010011100
1082 3781 1238 3877 imagine
1261 3784 1375 3856 crucis
1392 3783 1457 3856 ho

310 3955 320 3974 ,
365 3887 516 3959 norabat
532 3893 569 3960 et
585 3888 774 3962 alliciebat.
793 3885 885 3961 Cum
903 3891 1022 3958 autem
1047 3884 1124 3980 ille,
1140 3887 1239 3982 eujus
1259 3887 1371 3982 signis
1392 3885 1459 3958 ho·

445 4123 471 4176 1.
493 4119 602 4180 Psnnu.
617 4121 682 4191 134,
699 4122 745 4178 14.

443 4197 471 4252 a.
492 4195 589 4256 axos.
605 4201 632 4272 4,
649 4201 695 4256 rc.

444 4276 472 4331 3.
493 4273 616 4334 Scilicet
631 4273 713 4352 quod
726 4274 825 4350 Moysi
840 4275 1045 4336 tribuebatur.

444 4352 471 4407 4.
491 4353 540 4411 Ad
554 4354 702 4412 verbum:
721 4352 955 4420 “nativitatisa
970 4355 1030 4417 Sed
1053 4355 1084 4414 in
1109 4355 1234 4432 Syriaco
1260 4356 1366 4416 eadam
1390 4373 1453 4415 vox

311 4503 313 4506 Ι
364 4426 460 4498 tilium
474 4434 505 4488 et
519 4433 712 4492 nativitatem
728 4431 881 4510 exprimit.
