3330 5200
1236 402 1304 474 145

209 529 359 604 videret
387 525 458 604 Sed
475 536 512 601 et
529 529 784 622 animadverte,
802 551 874 603 non
901 531 945 623 ei,
965 529 1027 602 sed
1055 528 1177 625 leprae
1201 528 1305 606 Chri-

214 640 309 706 stum
334 633 464 705 iratum
494 655 584 705 esse.

314 735 619 832 Siris,potes
645 759 710 810 me
737 735 970 810 mundare.
995 736 1052 808 Et
1079 737 1302 811 extendit

211 859 400 911 manum.
420 838 523 927 Quod
550 861 695 912 manum
720 839 893 932 extendit,
911 840 1022 936 ajunt,
1050 839 1178 911 solutio
1209 840 1302 936 legis

209 949 277 1032 est,
297 941 381 1038 quia
391 943 498 1039 juxta
523 942 653 1036 legem,
671 943 904 1037 quodeunque
931 943 1048 1036 tangit
1065 943 1213 1038 lepram,
1236 945 1301 1016 im-
1350 963 1353 972 ¹

210 1045 381 1120 mundum
413 1051 477 1118 est.
504 1047 640 1118 Verum
667 1045 844 1117 Dominus
869 1068 1092 1140 nequaquam
1121 1044 1302 1140 leprosum

209 1147 342 1241 attigit,
356 1148 420 1221 sed
437 1149 623 1221 dexteram
640 1172 744 1230 susm
761 1148 981 1221 salutiferam
998 1171 1125 1220 versus
1139 1171 1221 1220 eum
1240 1172 1302 1222 ex-

210 1250 335 1323 tendit.
354 1253 485 1325 Utrum
503 1250 577 1346 legi
603 1251 784 1324 inimioum
803 1275 841 1324 se
868 1251 1083 1342 exhibuerit,
1100 1249 1302 1327 videbimus

210 1353 425 1448 relegentes,
451 1377 542 1451 quae
569 1354 801 1449 sequuntur⁴.
829 1355 1005 1450 Ostendit,
1032 1360 1196 1426 naturam
1223 1377 1302 1428 esse

210 1457 351 1551 bonam,
369 1457 452 1553 quia
469 1459 546 1556 ejus
563 1457 740 1530 defectum
765 1457 1024 1553 complevisse
1045 1456 1191 1528 mittens
1220 1481 1304 1531 eum
1377 1497 1380 1501 ·

209 1559 257 1630 ad
275 1560 478 1634 sacerdotes
497 1559 733 1633 sacerdotium
746 1561 979 1632 confirmavit.
992 1561 1187 1632 Praeterea
1199 1584 1302 1656 prae-

209 1662 359 1758 cipiens,
376 1670 417 1735 ut
434 1664 528 1736 dona
552 1685 617 1758 pro
644 1686 709 1734 sua
735 1662 979 1760 purificatione
1005 1662 1161 1753 offerret,
1183 1687 1302 1736 nonne

208 1763 328 1862 legem
353 1766 594 1856 confirmavit,
622 1765 715 1838 siout
740 1775 776 1839 et
806 1789 848 1838 eo
883 1768 978 1860 quod
1014 1765 1173 1838 addidit:
1202 1767 1304 1840 Siout

211 1871 394 1967 praecepit
410 1870 511 1944 vobis
530 1867 702 1964 Moyses?
720 1869 838 1942 Multa
862 1877 1054 1966 praecepta
1079 1869 1224 1964 Moyses
1251 1871 1302 1944 eis

210 1972 256 2042 de
282 1972 385 2069 lepra
403 1974 512 2067 dedit,
532 1972 595 2044 sed
613 1971 704 2044 nihil
723 1996 788 2070 per
814 1995 875 2044 eas
893 1979 1087 2068 potuerunt
1112 1972 1303 2068 proficere3

211 2073 357 2148 Christo
375 2083 495 2149 autem
512 2075 678 2148 veniente
695 2076 796 2151 venit
813 2083 849 2147 et
866 2077 1003 2150 sanatio
1020 2077 1248 2171 perverbum
1267 2085 1304 2150 et

211 2178 324 2251 multa
340 2203 474 2274 genera
491 2185 762 2276 praeceptorum
780 2178 946 2272 abolevit,
965 2202 1056 2274 quae
1075 2178 1136 2250 lex
1156 2177 1305 2274 leprae²
1444 2201 1446 2204 ·

209 2303 291 2352 esse
328 2280 505 2357 videntur.
541 2281 667 2354 Vade
693 2281 747 2354 ad
786 2284 1065 2356 saoerdotes
1104 2289 1304 2378 propter

211 2384 535 2456 testimonium
566 2407 744 2477 eorum,
770 2385 855 2482 quia
889 2391 1118 2482 praeceptum
1154 2393 1229 2478 est,
1264 2395 1305 2459 ut

209 2493 294 2558 ante
312 2487 593 2583 purificationem
611 2487 749 2582 lepram
765 2488 988 2584 inquirerent
1006 2493 1140 2582 etpost
1164 2486 1302 2584 lepram
1369 2541 1370 2546 ,

209 2589 388 2662 sublatam
415 2598 525 2663 testes
551 2589 688 2662 fierent.
716 2589 771 2662 De
788 2592 989 2688 praeseptis
1016 2589 1183 2685 antiquae
1210 2589 1303 2685 legis

211 2691 331 2790 Moysi
350 2693 515 2766 Christus
532 2693 599 2766 hoo
615 2693 755 2765 loeutus
773 2700 840 2786 est,
858 2701 894 2766 et
910 2694 975 2766 illa
995 2694 1032 2766 in
1059 2694 1303 2767 testimonium

209 2816 296 2868 suae
314 2795 495 2870 doetrinae
514 2795 702 2870 eooersirit
729 2794 873 2868 dicens:
896 2798 1024 2871 “Siout
1042 2795 1303 2892 Moysesprae·

209 2895 306 2995 oepit
322 2939 351 2994 a,
370 2901 500 2996 quibus
525 2898 646 2972 verbis
672 2898 801 2992 doouit,
824 2899 889 2972 illa
915 2924 936 2972 a
963 2925 1001 2974 se
1028 2923 1098 2973 non
1125 2901 1302 2994 abrogari,

208 3002 274 3074 sed
291 3027 375 3076 suos
392 3025 586 3102 praecones
603 3001 681 3074 fieri
699 3024 818 3076 eoram
835 3005 977 3100 populo.

540 3311 773 3386 CAPUT
825 3313 968 3388 XIII.

314 3625 427 3698 Fuit
453 3623 518 3697 ibi
541 3622 617 3696 vir
644 3621 842 3719 quidam,
861 3623 935 3694 oui
962 3623 1171 3720 triginta
1197 3632 1303 3697 octo

210 3727 324 3799 anni
362 3733 500 3801 erant
547 3724 860 3799 infirmitatis
909 3749 1029 3802 suae.
1079 3726 1212 3800 Dioit
1251 3729 1304 3801 ad

196 3853 312 3918 ‚Qum
339 3830 588 3905 Dominus:
615 3827 719 3921 Vis,
746 3835 795 3900 ut
822 3851 964 3902 sanus
990 3831 1091 3904 fias.
1116 3831 1216 3925 Ergo
1242 3855 1306 3906 no-

211 3930 318 4008 lebat.
347 3929 479 4008 Ditis
505 3934 558 4006 ad
587 3955 687 4005 eum
713 3930 959 4005 infirmus:
986 3933 1191 4031 Adjutor
1216 3959 1305 4007 non

209 4045 284 4111 est
309 4038 504 4130 mihi‚ut
530 4036 570 4108 si
596 4040 844 4108 moventur
870 4059 1029 4131 aquae,
1050 4059 1115 4108 me
1143 4037 1304 4109 demit-

211 4146 290 4216 tat
317 4141 430 4218 Aliud
456 4138 631 4214 Dominus
665 4137 924 4232 interrogarit,
951 4146 987 4212 et
1012 4138 1120 4212 aliud
1144 4139 1305 4212 infirmus

292 4394 319 4448 1.
340 4390 465 4450 Soilioet
478 4342 593 4450 rerba:
608 4385 695 4444 Vade
709 4383 750 4443 ad
764 4385 941 4460 sacerdotes
957 4385 989 4444 et
1003 4384 1081 4446 offer
1093 4401 1214 4459 munus,
1226 4388 1285 4443 eto.

289 4471 320 4529 2.
340 4468 504 4532 Forsitan:
517 4463 813 4544 lexpraeoavendae
827 4465 943 4542 leprae.
1036 4520 1037 4528 ,
1118 4478 1119 4482 ’

1105 4545 1150 4620 10
