3268 5220
390 377 435 448 48

389 509 473 580 dum
498 533 570 581 non
596 531 685 604 esse,
712 508 749 582 in
776 509 849 583 suis
877 507 1018 608 templis
1044 508 1214 584 habitare.
1233 507 1368 584 Verum
1390 507 1475 607 quia

387 619 537 685 mortem
563 613 742 686 occisurus
769 615 913 712 ejusque
940 614 1092 710 vestigia
1118 613 1299 687 deleturus
1322 622 1409 708 erat,
1435 615 1476 687 111

385 714 464 811 ipsa
488 716 606 789 radice
633 717 818 790 exordium
844 718 937 811 fecit,
963 719 1057 814 quia,
1085 717 1146 792 ubi
1172 741 1252 790 caro
1278 725 1344 812 est,
1370 718 1421 792 ibi
1438 725 1477 791 et

385 841 481 892 mors
499 827 570 915 est,
589 821 692 894 radix
710 828 827 894 autem
844 823 960 894 carnis
979 829 1102 896 uterus
1121 827 1186 915 est,
1212 821 1262 895 ibi
1280 822 1373 894 eninr
1391 845 1475 894 caro

384 921 509 1021 incipit
526 925 639 997 creari
657 931 692 996 et
709 925 759 998 ibi
775 949 870 997 mors
890 949 968 997 eam
984 925 1108 1022 incipit
1126 947 1361 1022 corrumpere.
1377 925 1475 998 Mul-

384 1031 503 1100 tarum
521 1029 615 1100 enim
632 1029 821 1101 mulierum
838 1029 952 1102 foetus
970 1053 1103 1123 mense,
1117 1052 1186 1125 quo
1201 1029 1360 1126 concepti
1379 1035 1475 1122 sunt,

385 1131 595 1225 moriuntur,
622 1138 683 1204 aut
709 1132 872 1228 seeundo,
898 1133 1015 1226 tertio,
1042 1139 1166 1246 quarto
1195 1136 1231 1204 et
1251 1132 1375 1228 quovis
1402 1131 1476 1205 alio

384 1256 516 1307 mense.
532 1234 623 1323 Quia
640 1235 750 1331 igitur
767 1260 862 1338 mors
875 1237 913 1308 in
926 1244 1027 1308 utero
1041 1236 1164 1333 incipit
1181 1243 1217 1308 et
1233 1235 1272 1308 in
1285 1236 1475 1333 sepulchro

385 1335 491 1410 finem
516 1340 634 1432 habet,
669 1340 754 1436 quid
790 1339 887 1413 aliud
920 1340 1044 1412 mortis
1074 1339 1322 1412 insectatorem
1356 1341 1474 1413 faeere

385 1442 551 1538 oportuit,
578 1467 683 1538 quam
710 1451 889 1516 certamen
914 1467 993 1516 cum
1012 1467 1054 1516 ea
1070 1446 1114 1518 ab
1131 1449 1232 1540 utero
1259 1443 1415 1541 incipere
1434 1451 1474 1516 et

276 1575 282 1586 ·
385 1567 497 1642 usque
512 1547 557 1618 ad
570 1547 674 1618 finem
686 1546 724 1618 in
738 1547 935 1645 sepulchro,
949 1547 1043 1646 quod
1054 1547 1178 1620 mortis
1192 1547 1385 1620 claustrum
1403 1555 1474 1643 est,

385 1649 620 1724 continuare?

488 1752 738 1850 Contemplare
765 1776 862 1850 ergo,
888 1754 1061 1850 quomodo
1083 1778 1147 1852 per
1168 1776 1290 1827 omnes
1317 1754 1474 1828 hominis

380 1861 514 1929 aetates
539 1858 653 1930 Vivus
679 1863 829 1930 mortem
856 1881 1024 1954 superare
1052 1864 1087 1931 et
1107 1857 1319 1931 contundere
1345 1857 1473 1933 voluit.

380 1959 511 2032 Faetus
525 1968 579 2032 est
591 1961 716 2052 foetuS,
732 1969 767 2032 et
780 1961 818 2033 in
830 1968 931 2034 utero
948 1985 1044 2035 mors
1062 1985 1143 2034 eum
1161 1985 1385 2060 corrumpere
1399 1985 1474 2034 non

379 2065 505 2162 potuit.
524 2065 654 2136 Factus
673 2071 727 2137 est
744 2065 871 2158 infans,
885 2071 921 2136 et
933 2065 1121 2138 lactentem
1139 2089 1233 2138 mors
1256 2065 1473 2138 confundere

379 2167 549 2264 nequivit.
569 2169 699 2261 Factus
717 2175 772 2241 est
798 2192 897 2266 puer,
917 2175 952 2240 et
977 2169 1016 2240 in
1042 2169 1239 2266 disciplina,
1262 2170 1319 2241 cui
1333 2193 1370 2241 se
1388 2172 1472 2242 sub-

373 2271 471 2368 jecit,
489 2295 584 2345 mors
604 2272 637 2344 ei
654 2273 892 2369 perturbando
910 2273 1025 2370 impar
1042 2274 1117 2346 fuit.
1141 2274 1271 2346 Factus
1291 2279 1345 2346 est
1365 2273 1470 2370 juve-

379 2375 447 2469 1111,
462 2382 498 2448 et
510 2399 574 2473 per
592 2376 770 2473 appetitus
785 2400 868 2448 suae
881 2377 1078 2474 juventutis
1096 2400 1190 2450 mors
1209 2377 1243 2448 ei
1262 2375 1469 2449 scandalum

378 2502 509 2577 ponere
518 2479 723 2576 nonpotuit.
733 2480 862 2552 Factus
873 2487 928 2553 est
937 2481 1070 2575 doctus,
1081 2488 1189 2578 etper
1201 2481 1376 2554 versutias
1386 2504 1470 2553 eum

378 2582 521 2657 vincere
541 2583 710 2680 nequivit.
729 2584 859 2656 Factus
886 2591 940 2656 est
969 2586 1150 2680 magister,
1179 2591 1214 2656 et
1241 2585 1279 2657 in
1305 2584 1469 2679 veritate,
1528 2647 1530 2652 .
1626 2577 1627 2590 ¹

376 2711 482 2784 quam
500 2687 657 2781 docebat,
670 2711 741 2776 non
754 2689 869 2784 potuit
887 2712 968 2760 eum
985 2712 1146 2784 arguere.
1161 2689 1245 2761 Fuit
1258 2688 1468 2783 admonitor,

376 2813 442 2864 nec
460 2791 670 2889 praeceptio,
697 2814 785 2887 quae
813 2791 920 2886 dedit,
947 2815 1028 2864 eum
1054 2792 1220 2865 seducere
1237 2791 1362 2890 potuit.
1381 2791 1469 2865 Fuit

374 2893 516 2992 integra
540 2901 666 2988 aetate,
692 2918 758 2967 nec
793 2895 980 2967 occidendo
1007 2919 1088 2968 eum
1115 2897 1230 2992 potuit
1254 2902 1467 2994 perterrere.

375 2996 540 3073 Mortuus
558 3005 613 3071 est
631 3005 666 3071 et
682 2999 898 3072 horrendum
917 2998 1143 3096 sepulchrum
1162 3023 1242 3072 eum
1259 3023 1331 3072 non
1348 2999 1466 3096 potuit

376 3100 545 3176 detinere.
573 3103 656 3175 Non
672 3105 794 3176 morbo
813 3109 995 3199 correptus
1014 3109 1079 3197 est,
1106 3103 1189 3199 quia
1205 3103 1373 3195 medicus,
1399 3125 1466 3174 nec

372 3207 560 3299 aberravit,
575 3205 658 3301 quia
674 3214 805 3302 pastor,
823 3229 894 3278 non
912 3213 1156 3301 transgressus
1175 3214 1229 3281 est
1246 3206 1461 3300 mandatum,

372 3311 456 3407 quia
471 3311 652 3406 magister,
665 3332 737 3380 non
753 3309 909 3404 offendit,
928 3309 1011 3404 quia
1028 3309 1093 3382 lux
1112 3317 1197 3383 erat.
1216 3311 1315 3383 Hace
1333 3315 1387 3382 est
1404 3309 1463 3383 via

370 3415 537 3509 perfecta,
556 3436 662 3509 quam
682 3411 846 3485 Christus
865 3411 1033 3485 ecclesiae
1056 3437 1139 3486 suae
1158 3417 1202 3489 ab
1219 3415 1320 3487 initio
1346 3437 1459 3509 usque

370 3517 550 3611 adfinem,
569 3541 590 3588 a
607 3523 778 3614 conceptu
796 3537 915 3614 ‘usque
935 3516 979 3589 ad
997 3519 1292 3592 resurrectionem
1317 3517 1457 3614 aperuit

375 3626 481 3716 atque
499 3621 719 3694 monstravit.

476 3725 514 3798 Si
532 3748 617 3820 ergo
636 3723 784 3796 ecelesia
802 3747 928 3821 corpus
947 3726 1023 3823 ejus
1042 3731 1106 3818 est,
1126 3725 1216 3798 sicut
1241 3723 1386 3820 PauluS,
1404 3731 1457 3797 te-

371 3825 437 3899 stis
463 3828 550 3924 ejus,
577 3828 679 3922 dixit,
705 3828 840 3924 credas,
867 3852 945 3902 eam
963 3853 1027 3926 per
1038 3830 1131 3902 ‘haec
1149 3829 1265 3902 omnia
1288 3829 1363 3901 sine
1381 3827 1457 3902 ulla

370 3931 594 4028 corruptione
621 3932 814 4004 transiisse.
838 3931 1140 4020 Quemadmodum
1166 3932 1389 4006 damnatione
1416 3957 1457 4006 u-

373 4033 456 4106 nius
473 4035 604 4108 Adami
620 4035 737 4107 omnia
762 4058 910 4133 corpora
935 4044 1074 4110 mortua
1092 4043 1174 4109 111111
1193 4043 1228 4109 et
1249 4037 1456 4130 morientur,

369 4137 420 4210 ita
445 4137 592 4212 victoria
616 4138 721 4236 hujus
747 4139 853 4212 unius
879 4141 1036 4238 corporis
1055 4139 1191 4214 Christi
1216 4147 1292 4213 tota
1308 4140 1457 4213 ecclesia

369 4241 462 4315 vixit
483 4249 519 4317 et
538 4243 644 4317 vivet.
673 4242 744 4317 Sed
773 4245 1079 4340 quemadmodum,
1106 4245 1189 4341 quia
1209 4243 1288 4341 ipsa
1309 4267 1457 4341 corpora

369 4352 561 4443 peccarunt
575 4347 601 4442 ¹,
627 4345 707 4444 ipsa
732 4369 871 4443 quoque
897 4348 1108 4443 moriuntur,
1135 4355 1172 4421 et
1199 4355 1307 4444 terra,
1333 4371 1456 4422 eorum

450 4507 476 4564 1.
495 4507 546 4566 Ita
559 4507 589 4566 in
603 4511 734 4585 utroque
749 4505 864 4567 codice.
881 4508 1047 4590 “Corpora
1059 4512 1292 4592 peccaverunt„
1319 4509 1339 4570 i.
1360 4526 1387 4569 e·
1401 4505 1455 4565 ho·

368 4584 465 4646 mines
479 4586 510 4647 in
525 4585 705 4666 corporibus
719 4592 939 4666 peecaverunt.
