3330 5200
360 401 428 476 118

357 529 495 604 Verum
522 553 568 601 ne
596 528 762 626 discipuli
799 529 992 603 doctrinam
1023 533 1059 598 et
1088 523 1349 598 institutionem
1375 526 1454 624 ejus

241 708 244 724 Ι
357 628 430 705 levi
444 631 778 725 annotatorem,
798 633 890 706 dixit
909 633 984 704 eis:
1004 629 1092 718 Qui
1118 652 1208 701 non
1235 629 1337 701 odit
1358 631 1453 702 ani-

259 803 260 806 ,
358 757 471 806 mam
499 759 637 827 suam,
658 760 747 807 non
774 743 936 831 potest
962 757 1089 810 meus
1118 755 1223 806 esse
1244 733 1452 828 discipu·

359 833 446 909 lus.
484 837 600 924 Quis
629 845 781 911 estex
809 839 957 931 vobis,
984 837 1063 934 qui
1088 834 1255 908 volens
1281 834 1453 908 turrim

358 936 643 1032 aedificate,
683 964 772 1012 non
798 948 933 1036 prius
975 939 1111 1012 sedet
1138 944 1183 1008 et
1209 944 1451 1034 computet

358 1049 579 1138 sumptus
608 1043 709 1138 ojus
736 1051 803 1114 eto.
828 1045 929 1138 (Lus.
958 1041 1181 1135 111131).
1214 1041 1298 1112 Non
1331 1039 1455 1114 verbis

227 1214 230 1219 .
359 1163 450 1238 opus
466 1142 1099 1241 1111111(1111111111111111111111111111
1115 1141 1456 1239 operibusideoan·

363 1253 516 1339 gusteet
530 1247 684 1320 difficilis
702 1256 757 1320 est
773 1248 833 1322 via
848 1249 873 1342 ¹,
891 1248 913 1321 i.
933 1272 963 1320 e.
982 1247 1045 1340 eis,
1062 1245 1124 1342 qui
1141 1267 1248 1318 earne
1266 1243 1455 1318 ducuntur.

730 1552 962 1630 CAPUT
1000 1555 1086 1630 ΧΙ.

463 1861 724 1942 Generatio
767 1863 881 1936 hoec
920 1861 1171 1958 generatio
1208 1861 1330 1934 malo
1374 1868 1453 1934 eet

361 1972 407 2037 et
433 1964 679 2060 adulteru3
707 1966 892 2060 signum
919 1966 1109 2062 quaerit
1136 1972 1180 2036 et
1204 1988 1294 2036 non
1321 1964 1448 2036 dabi-

346 2077 437 2140 -1111
461 2069 503 2140 11
531 2070 727 2164 signum,
746 2069 842 2140 nisi
869 2067 1054 2162 signum
1080 2069 1224 2140 Ionae
1251 2067 1447 2163 prophe-

357 2171 1075 2266 111;(11111,111111Ιο111111111111
1097 2175 1266 2244 ventre
1291 2169 1446 2264 pisois

356 2280 457 2346 tres
485 2273 586 2346 dies
626 2280 810 2346 autres
836 2280 1013 2366 nootes,
1053 2274 1120 2344 ita
1159 2279 1352 2368 oportet
1378 2271 1448 2342 Fi·

356 2375 470 2448 lium
510 2375 713 2448 hominis
753 2375 941 2448 intrare
968 2377 1015 2446 in
1041 2399 1117 2448 eor
1144 2383 1306 2448 terroe
1345 2381 1448 2446 tres

355 2477 458 2551 dies
486 2485 652 2552 ettres
677 2483 842 2550 nootes
881 2477 1017 2574 (Mnus.
1047 2478 1113 2571 12,''
1132 2478 1267 2570 3945).
1292 2479 1376 2550 Non
1401 2477 1447 2549 de

352 2579 501 2654 numero
528 2581 636 2653 trium
663 2583 800 2658 dierum
818 2581 992 2652 Dominus
1019 2581 1202 2678 disputare
1229 2579 1354 2674 voluit,
1382 2579 1446 2652 sed

353 2683 438 2778 quia
454 2684 594 2756 sanavit
615 2692 780 2779 aegrotos
798 2707 921 2756 eorum
941 2690 977 2754 et
996 2684 1368 2776 11111111111111111111,
1395 2683 1449 2754 ita

354 2785 493 2858 loeutus
521 2794 586 2858 est.
614 2788 662 2860 Et
687 2771 773 2883 post'
792 2787 882 2858 haeo
898 2786 1154 2859 inenarrabilia
1170 2786 1276 2880 signa
1291 2793 1329 2857 et
1344 2786 1447 2858 testi·

303 2893 316 2918 ⁸
354 2889 484 2982 monio,
501 2913 593 2984 quoe
610 2890 711 2962 nullo
728 2889 861 2984 scripta
878 2889 1066 2985 complenti
1079 2897 1243 2986 possunt,
1264 2889 1444 2962 obcaecati

353 2991 515 3064 homines
547 2993 739 3065 dixerunt:
778 2991 1448 3086 Volumusetesignumvi·
1556 3041 1560 3047 -
1658 3035 1659 3040 =

357 3093 478 3168 dere.
505 3095 624 3190 Igitur
650 3097 796 3191 regibus
823 3102 860 3166 et
877 3093 1073 3192 pvophetis²
1099 3095 1252 3168 testibus
1279 3095 1364 3189 suin,
1391 3117 1448 3167 re-

354 3193 462 3290 lictis,
479 3197 660 3271 Ninivitas
679 3199 717 3270 in
738 3198 895 3270 medium
921 3197 1081 3292 proferre
1109 3198 1236 3294 eoepit,
1263 3197 1336 3292 qui,
1363 3197 1450 3294 quia

356 3299 499 3394 signum
516 3325 538 3372 a
555 3301 644 3372 Iona
656 3325 728 3372 non
740 3301 918 3391 viderunt,
935 3299 973 3370 in
990 3300 1060 3372 fine
1073 3301 1285 3397 judicabunt
1303 3323 1364 3373 eos
1384 3301 1446 3396 qui

355 3409 437 3496 post
461 3403 575 3474 muita
602 3404 715 3497 signa,
743 3427 833 3498 qnae
860 3403 1034 3492 viderant,
1054 3410 1233 3476 auotorem
1262 3403 1448 3497 signorum
1474 3433 1477 3439 ·

354 3512 543 3598 negarunt.
560 3505 668 3578 Ionas
685 3505 858 3578 Ninivitis
881 3501 1065 3577 interitum
1083 3505 1315 3601 praedicavit,
1342 3506 1447 3577 timo-

352 3629 430 3680 rem
452 3615 488 3679 et
505 3615 695 3682 tremorem
713 3609 844 3705 injecit,
863 3615 899 3680 11
916 3607 954 3678 in
972 3607 1023 3679 eis
1042 3607 1225 3681 horrorem
1247 3608 1448 3701 seminavit,

354 3709 416 3804 qui
435 3709 467 3780 ei
485 3710 706 3806 manipulum
733 3712 843 3785 animi
869 3709 1011 3782 contriti
1030 3717 1065 3781 et
1082 3711 1236 3784 fructum
1262 3712 1448 3806 poeniten·

208 3909 214 3922 ,
250 3837 251 3841 ’
352 3813 424 3884 tiae
442 3813 686 3887 reddiderunt.
705 3814 869 3888 Gentiles
889 3813 999 3908 elegit
1011 3813 1186 3886 Dominus
1206 3821 1243 3885 et
1259 3813 1448 3886 incircum·

353 3914 445 3986 nisos
464 3922 574 3988 testes
591 3917 751 3990 adduxit.
777 3917 960 3991 Idolorum
985 3916 1139 3988 cultores
1166 3917 1278 3990 vitam
1301 3939 1448 4013 aooepe·

355 4025 440 4089 runt
457 4025 494 4089 et
510 4027 712 4114 pensatores
731 4020 895 4092 conversi
913 4025 1008 4111 sunt,
1026 4025 1067 4090 ut
1080 4019 1282 4094 eirenmoisi
1299 4020 1445 4094 confun-

355 4120 536 4193 derentur.
568 4122 619 4194 Hi
636 4146 723 4219 ergo
747 4131 840 4216 sunt,
868 4122 929 4218 qui
949 4122 1161 4220 judicabunt
1186 4146 1247 4197 eos
1277 4123 1339 4219 qui
1366 4147 1448 4220 per-

355 4222 520 4296 tinaciter
538 4248 610 4297 non
626 4225 864 4299 erediderunt.

438 4454 465 4508 1.
487 4451 647 4513 0111111.
663 4455 752 4532 114.
781 4539 792 4564 υ
