3330 5200
374 357 420 428 90

374 485 481 581 visse,
509 487 583 561 rita
598 483 741 583 puellae
767 485 907 561 reddita
933 508 994 558 eos
1020 484 1255 578 convinceret,
1270 485 1461 559 Dominum

375 613 454 662 esse
471 591 746 664 Vivifioatorem.
775 591 872 664 Etsi
893 591 1009 664 denuo
1036 590 1205 682 dicerent,
1228 613 1306 662 eam
1332 589 1462 662 dormi-

373 693 481 786 visse,
510 695 658 768 soientia
685 694 821 769 Christi
838 696 914 792 ejus
934 693 1155 768 divinitatem
1183 693 1234 766 eis
1256 695 1462 790 comproba-

373 804 439 870 ret.
457 797 576 886 Quum
602 799 657 871 illi
675 824 785 872 unum
803 798 980 896 ιιιιιιιι1
1007 797 1153 890 vellent,
1180 797 1354 870 Dominus
1381 819 1463 868 oon-

371 901 539 974 funderet
524 908 618 976 teos
636 927 702 999 per
720 913 880 976 unumet
867 903 945 976 ttal
930 909 1056 976 terum
1076 901 1236 974 Porro
1208 925 1238 973 ιι
1256 899 1358 996 gravi
1372 923 1464 972 som-

373 1028 420 1076 no
439 1029 613 1102 oppressa
630 1007 757 1080 fuisset
759 1063 767 1101 ,
743 1007 960 1124 tquomodo
980 1004 1056 1078 sola
1070 1005 1204 1078 Christ'
1179 1014 1207 1077 tr
1224 1029 1311 1077 vooe
1331 1004 1465 1077 excita-

372 1115 525 1182 taesset
540 1110 632 1183 rut
616 1111 990 1209 tpraeoepit,tu
975 1109 1249 1183 teidarent
1234 1108 1465 1204 taliquid

375 1214 429 1284 ad
456 1213 905 1310 manducandum,
891 1215 1103 1287 tindioaret
1088 1213 1245 1286 tsanita
1246 1219 1329 1306 em,
1357 1237 1464 1308 quarn

376 1341 529 1390 unaoum
545 1318 599 1391 vit
601 1343 621 1390 a
640 1327 825 1417 receperat
835 1343 929 1416 ,non
947 1319 1041 1392 enim
1059 1327 1183 1412 aegrot
1184 1317 1215 1390 is
1169 1315 1357 1392 stimilis
1376 1323 1465 1410 erat,

375 1422 438 1517 qui
455 1422 627 1519 paulatim
641 1425 686 1497 ιιι
701 1425 853 1497 salutem
871 1424 1101 1498 reduountur.
1121 1421 1192 1510 Qui
1205 1421 1316 1517 igitur
1330 1421 1374 1493 ιιι
1387 1445 1465 1494 mu·
1490 1508 1492 1512 ,

374 1525 474 1598 lieris
492 1527 776 1602 hemorrhoissae
789 1527 972 1600 sanatione
986 1526 1205 1617 dubitabant,
1217 1525 1466 1620 multomagis,
1571 1583 1575 1589 .

286 1684 289 1698 .
374 1654 481 1725 quarn
499 1629 547 1724 hi,
566 1632 681 1726 quiin
699 1632 842 1730 puellae
859 1631 1130 1706 resuscitatione
1149 1630 1309 1720 aderant,
1329 1630 1466 1702 oonfusi

377 1741 413 1805 et
430 1757 495 1830 per
514 1735 673 1830 puellam
692 1737 861 1810 advitam
879 1743 1083 1809 revocatam
1101 1733 1314 1831 reprehensi
1329 1741 1366 1806 ιι
1383 1755 1465 1805 oon-

373 1838 459 1910 vioti
478 1845 570 1911 sunt.
588 1841 682 1914 Nam
703 1839 838 1916 sanatio
857 1840 993 1913 ventris
1012 1839 1050 1912 in
1068 1837 1285 1930 abscondito,
1305 1837 1463 1932 eorporis

374 1949 495 2014 autern
511 1943 703 2018 vivificatio
722 1945 760 2018 in
778 1944 965 2018 manifesto
983 1944 1100 2016 fiebat.
1120 1942 1238 2030 Quare
1257 1941 1295 2013 id
1312 1941 1407 2038 quod
1424 1941 1463 2013 in

374 2047 580 2120 abscondito
608 2057 695 2144 erat,
721 2049 895 2122 eredibile
923 2048 1136 2120 factumest
1161 2069 1226 2143 per
1251 2045 1288 2117 id
1315 2045 1409 2141 quod
1426 2045 1465 2116 in

378 2151 566 2224 manifesto
594 2153 711 2227 fiebat.
741 2154 929 2248 Soriptura
955 2152 1062 2224 dioit:
1090 2151 1281 2225 Timens
1308 2155 1352 2221 et
1377 2154 1466 2221 tre-

373 2275 503 2327 mens
541 2279 563 2327 a
599 2262 737 2354 tergo
773 2259 876 2354 ejus
906 2255 1152 2329 fimbriam
1179 2237 1464 2326 vest'imenti

375 2380 415 2456 eJ
428 2382 480 2430 us
498 2360 673 2454 tetigit
692 2369 757 2434 eto.
774 2361 799 2434 ².
820 2363 859 2434 Si
876 2362 964 2434 haee
983 2359 1158 2432 fimbriam
1171 2355 1376 2430 vestimenti
1389 2356 1467 2451 ejus

376 2461 508 2536 timens
536 2472 573 2538 et
598 2469 756 2540 tremens
783 2467 964 2562 tangebat,
990 2471 1123 2560 quanto
1155 2463 1270 2556 magis
1296 2483 1360 2533 nos
1386 2483 1467 2532 eum

374 2565 502 2640 timore
521 2576 558 2642 et
574 2577 728 2643 tremore
747 2576 887 2666 oportet
905 2568 1066 2664 aeoipere
1079 2568 1106 2658 ⁵,
1126 2567 1267 2662 quando
1285 2588 1413 2662 eorpus
1429 2571 1466 2636 et

373 2673 587 2766 sanguinem
614 2673 690 2772 ejus
717 2675 911 2771 tangimus,
938 2673 1033 2769 quod
1052 2679 1107 2746 est
1124 2671 1256 2768 pignus
1281 2670 1376 2744 ritae
1402 2693 1466 2741 no·

377 2781 483 2848 strae.

712 3015 947 3092 CAPUT
990 3016 1131 3090 VIII.

482 3282 617 3356 Misit
643 3307 721 3357 eos
748 3285 886 3357 binos
917 3284 1058 3379 juxta
1086 3283 1464 3356 similitudmem
1532 3291 1541 3308 ⁸

378 3384 534 3458 suaml
552 3385 686 3482 (Maru.
708 3391 762 3482 10,
783 3389 895 3482 1-28),
922 3388 959 3460 id
978 3395 1043 3481 est,
1072 3387 1256 3484 sicutipse
1277 3387 1352 3459 sine
1371 3409 1465 3458 mer·

377 3489 462 3562 eede
475 3491 706 3588 praedicarit,
720 3493 771 3564 ita
785 3499 820 3565 ιι
832 3491 887 3564 ιιιι
898 3492 1040 3586 faciant,
1054 3492 1162 3588 juxta
1175 3492 1326 3578 verbum
1341 3512 1464 3566 suum:

458 3685 554 3744 lAd
579 3687 708 3745 verbum
736 3685 938 3745 “abalienare
954 3685 1038 3744 eirea
1051 3704 1185 3748 unum„
1208 3684 1321 3744 Sensus
1337 3703 1406 3744 esse
1420 3681 1465 3740 ri-

378 3759 485 3822 detur:
479 3765 550 3823 Illr
564 3783 666 3841 unum
681 3765 822 3825 nimirum
837 3765 948 3824 Christ
927 3772 949 3823 ιι
965 3765 1167 3835 divinitatem,
1179 3779 1293 3837 negare
1307 3765 1465 3838 uolebant

377 3839 482 3901 Christ
469 3847 518 3902 tus
531 3850 633 3904 autem
649 3845 788 3905 oonfudit
802 3864 855 3904 eos
876 3863 931 3921 per
951 3845 1010 3904 hoo
1033 3845 1186 3904 dilemma
1202 3843 1345 3902 Aucher:
1363 3841 1466 3902 “Dum

377 3919 492 3981 vellent
505 3942 560 3999 per
573 3943 666 3984 unum
682 3925 878 3984 abalienare
870 3942 978 4001 lpsum,
994 3924 1130 3982 confudit
1143 3923 1211 3980 illos
1231 3923 1391 3984 duobus„

457 4003 486 4060 2.
506 4003 542 4062 In
564 4005 632 4063 ood.
653 4005 788 4064 Bdeest
810 4005 867 4063 hoo
888 4005 963 4062 orta
964 4005 1079 4078 um,
1100 4020 1231 4078 sequens
1254 4001 1408 4060 sententia
1421 3999 1465 4058 ιιι

377 4093 411 4135 se
422 4077 531 4141 habet:
503 4083 577 4141 toi
588 4085 698 4162 timens
713 4089 745 4143 et
758 4089 892 4144 tremens
903 4084 980 4142 haee
995 4102 1014 4142 a
1026 4086 1114 4158 tergo
1130 4083 1197 4158 ejus
1210 4079 1361 4141 fimbriam
1372 4079 1466 4140 resti·

377 4160 473 4218 menti
487 4163 555 4238 ejus
570 4164 727 4238 tangebat,
742 4168 856 4240 quanto
871 4162 968 4237 magis
984 4166 1043 4220 ιιι.

401 4316 422 4375 t
457 4243 485 4299 3.
507 4241 583 4301 Sio'
575 4261 607 4300 ιιι
626 4246 759 4320 utroque
781 4244 898 4303 oodios.
919 4243 999 4311 Quid
1019 4239 1338 4318 aoeipiamus,notum
1354 4255 1465 4315 suppo-

377 4334 470 4376 mur.

456 4401 485 4456 4.
504 4399 609 4458 Verba
626 4401 725 4476 “juxt
712 4398 985 4458 tasimilitudinem
1005 4416 1091 4458 suam
1103 4429 1130 4475 a,
1150 4398 1182 4456 in
1205 4400 1337 4474 utroque
1360 4394 1465 4456 codiee

378 4477 410 4544 in
422 4475 517 4568 rubro
532 4479 657 4556 scripta,
671 4479 711 4539 ad
725 4480 852 4540 oitatum
867 4477 1053 4538 referuntur.
