3268 5220
395 374 460 426 v111
592 363 598 378 “

396 482 506 560 decus
524 493 559 560 et
574 485 726 562 fulcrum
740 496 827 585 erat,
842 489 983 564 omnino
996 489 1218 564 conveniunt.
1233 490 1373 568 Rursus
1387 493 1477 568 mul·

314 664 317 673 .
395 613 452 679 tae
470 607 662 704 opiniones,
680 631 769 704 quae
788 609 825 682 in
843 589 1102 686 commentariis
1122 633 1149 682 s.
1176 608 1370 707 Ephraemi
1388 611 1426 684 in
1442 638 1475 687 r.

385 723 661 799 ¹'i'estamentum
682 727 921 823 reperiuntur,
935 727 972 799 in
989 727 1056 800 hoc
1073 749 1211 824 quoque
1226 752 1332 827 opere
1350 729 1477 828 legun-

390 849 460 916 tur.
480 844 539 919 Sic
555 843 736 941 tenebras,
751 843 941 944 dequibus
969 869 1050 942 gen.
1072 851 1103 942 1,
1123 849 1157 940 2,
1175 867 1291 920 sermo
1318 855 1383 943 est,
1399 873 1475 924 urn-

391 945 600 1037 bram'ooeli
616 963 725 1038 fuisse
753 963 936 1057 asseritur,
953 969 993 1037 ut
1008 963 1047 1036 in
1065 963 1315 1037 commentario
1341 965 1417 1062 ejus
1436 966 1475 1040 in

369 1113 372 1120 ¹
392 1082 482 1156 Gen.
502 1089 584 1155 tom.
599 1083 629 1174 Ι,
642 1107 678 1180 p.
694 1085 726 1175 6,
740 1085 775 1156 A
789 1089 825 1154 et
838 1085 908 1156 200
928 1084 969 1156 F.
991 1083 1090 1156 Anni
1107 1081 1371 1178 quadringenti,
1397 1087 1474 1182 qui-

387 1201 454 1274 bus
472 1201 607 1298 posteri
623 1200 806 1275 Abraham
823 1199 975 1275 interra
992 1200 1109 1274 aliena
1125 1201 1199 1274 fore
1218 1200 1256 1274 in
1273 1201 1366 1275 libro
1381 1202 1471 1278 Gen.

390 1321 548 1410 15,1-1o
566 1318 785 1417 praedictum
804 1325 870 1414 est,
888 1321 932 1394 ab
950 1319 1028 1416 ipso
1041 1319 1223 1394 Abraham
1240 1327 1474 1395 numerantur
1553 1411 1557 1418 .

386 1437 425 1508 in
441 1437 508 1510 hoc
525 1459 632 1535 opere
649 1459 683 1535 p.
699 1440 780 1532 221,
799 1438 890 1512 etin
906 1437 1156 1511 commentario
1174 1437 1213 1510 in
1236 1437 1326 1511 Gen.
1345 1431 1428 1512 to'm.
1442 1440 1472 1535 I,

386 1583 420 1664 p.¹
439 1561 516 1634 122.
913 1566 916 1577 “

488 1679 649 1776 Denique
667 1677 746 1774 ipsa
763 1675 888 1774 lingua
903 1675 1128 1768 Armeniaca,
1146 1673 1184 1747 in
1201 1699 1272 1772 qua
1287 1675 1354 1749 hoo
1379 1699 1468 1774 opus

383 1804 631 1872 conservatum
649 1805 714 1893 est,
728 1797 857 1893 Syrum
875 1802 1055 1870 auctorem
1072 1795 1201 1892 prodit,
1215 1819 1323 1894 quum
1336 1794 1468 1868 multae

383 1915 662 1990 constructiones
688 1917 854 2013 Syriacae
882 1922 1004 1988 contra
1029 1915 1145 2012 ipsam
1170 1914 1315 2010 linguae
1340 1915 1468 1988 Arme-

384 2034 506 2108 niacae
527 2034 683 2108 indolem
700 2036 738 2109 in
756 2058 797 2108 eo
823 2034 1059 2132 reperiantur.
1087 2033 1146 2108 Sic
1162 2035 1368 2130 frequenter
1387 2056 1469 2130 pro-

380 2179 510 2230 nomen
535 2152 723 2229 relatirum
751 2152 1000 2228 indeclinabile
1026 2160 1091 2248 est,
1109 2154 1255 2250 ejusque
1281 2175 1383 2226 casus
1400 2177 1466 2250 per

379 2263 532 2368 sequens
560 2292 756 2366 pronomen
781 2267 969 2368 personale
996 2268 1193 2362 indicatur,
1220 2293 1311 2365 quae
1338 2270 1465 2366 regula

377 2391 472 2488 apud
494 2391 615 2486 Syros,
642 2413 713 2464 non
738 2399 855 2468 autem
882 2387 977 2487 apud
1000 2390 1178 2464 Armenos
1203 2389 1309 2463 valet.
1338 2389 1463 2486 Ipsum
1498 2445 1500 2450 .

377 2530 573 2604 cognomen
604 2511 717 2608 Korjo
736 2534 763 2584 a.
786 2511 988 2608 Ephraemo
1016 2509 1053 2583 in
1080 2509 1202 2607 operis
1231 2508 1462 2606 inscriptione

378 2631 513 2719 datum,
532 2629 625 2727 quod
643 2651 715 2702 vox
740 2628 887 2724 Syriaca
914 2634 979 2722 est,
997 2633 1136 2700 textum
1164 2626 1374 2722 originalem
1396 2627 1471 2723 Sys

374 2749 508 2824 riacum
525 2749 668 2822 indicat.
685 2749 784 2822 Haec
810 2772 981 2850 perquam
1009 2743 1165 2822 breiiter
1191 2749 1380 2844 perstricta
1401 2775 1457 2824 ar·

366 2867 543 2966 ¹gumenta
569 2891 596 2941 s.
623 2868 825 2970 Ephraemo
860 2869 927 2942 hoc
956 2891 1045 2964 opus
1074 2865 1344 2942 adscribendum
1377 2891 1456 2942 esse

361 2989 468 3064 'clare
495 2989 748 3060 demonstrant.

474 3106 519 3182 ln
537 3107 695 3179 hisvero
714 3104 973 3179 commentariis
1005 3129 1032 3178 s.
1050 3106 1289 3204 Ephraemum
1315 3103 1456 3179 Diates-

371 3251 478 3302 saron
495 3224 637 3298 Tatiani
668 3223 941 3321 interpretatum
971 3245 1061 3318 esse,
1080 3226 1195 3298 denuo
1225 3223 1304 3320 ipsa
1334 3223 1453 3320 operis

369 3343 553 3442 inscriptio
584 3343 798 3438 comprobat,
829 3365 920 3438 quae
949 3342 1130 3415 habetur:
1166 3339 1453 3436 uEvangelii
1493 3355 1496 3362 ⁴

367 3459 707 3538 concordantis
733 3460 975 3558 expositio
1002 3502 1030 3537 s.
1061 3460 1450 3534 Harmoniam‘Evan·

368 3583 542 3681 geliorum
572 3580 610 3654 in
639 3582 706 3654 hoc
737 3605 843 3679 opere
874 3581 1056 3681 explicari,
1076 3583 1233 3656 locorum
1264 3579 1450 3654 citatorum

366 3703 479 3778 series
510 3703 724 3798 comprobat.
755 3701 953 3776 Exordium
983 3703 1077 3776 enim
1109 3702 1216 3776 sumit
1250 3707 1372 3774 auctor
1402 3703 1447 3775 ab

366 3823 465 3897 ioan.
493 3823 526 3914 l,
552 3821 622 3916 1-4,
645 3827 681 3901 et
703 3819 865 3916 adjungit
889 3820 975 3894 Luc.
998 3823 1029 3914 1,
1050 3825 1090 3916 5,
1118 3821 1224 3894 Ioan:
1241 3823 1274 3914 l,
1300 3820 1356 3914 14,
1380 3822 1447 3915 17,

365 3943 450 4016 Luc.
463 3942 610 4034 1,6-77;
629 3938 756 4014 Matth.
774 3941 1024 4035 1,18-25‚et0.
1043 3940 1192 4015 Nullum
1216 3945 1333 4010 autem
1350 3934 1448 4010 aliud
1583 4022 1588 4034 Ι

363 4056 590 4157 evangelium
616 4060 831 4134 concordans
850 4059 986 4158 antiqui
1017 4061 1207 4158 scriptores
1238 4063 1446 4152 memorant,

361 4177 400 4251 in
416 4177 489 4252 illis
507 4175 712 4272 regionibus
730 4177 963 4274 divulgatum,
979 4177 1049 4252 nisi
1075 4177 1307 4250 Diatessaron
1325 4175 1446 4249 Tatia-

361 4298 399 4370 ni
417 4304 453 4368 et
471 4296 704 4371 Diatessaron
729 4298 909 4372 Ammonii
934 4297 1181 4372 Alexandrini.
1199 4299 1335 4372 Verum
1355 4295 1442 4370 Am·
1465 4291 1466 4295 ’

358 4416 467 4490 monii
492 4416 734 4513 Diatessaron,
751 4422 791 4490 ut
815 4413 992 4516 Eusebius
1020 4414 1270 4493 Caesareensis
1299 4415 1337 4490 in
1368 4412 1442 4512 epi·
