3344 5200
1213 351 1215 358 ’
1242 380 1313 460 osa

227 517 307 599 enm
335 521 397 620 qai
411 517 641 596 absconditus
668 523 723 593 est
739 518 776 590 iu
802 543 868 592 sua
892 517 1178 614 investigatione,
1205 521 1318 594 mani-

224 623 339 697 festus
365 630 484 696 autem
511 623 549 694 in
576 621 649 696 suis
685 619 798 720 donis.
834 619 989 696 Difficile
1026 627 1080 696 ast
1110 621 1246 696 intrare
1271 623 1317 698 ad

227 751 320 820 eum,
345 726 449 800 facile
477 725 655 798 accedere.

332 829 385 902 Te
411 830 600 902 adoramus
626 821 664 902 in
690 825 864 919 omnibus,
891 828 977 922 quia
1000 827 1156 902 ebaritas
1183 835 1245 902 tua
1270 829 1316 901 ad

210 955 350 1030 ¹omnes
376 933 592 1025 extenditur,
618 929 703 1004 licet
728 952 835 1002 voces
862 930 1021 1006 omnium
1047 931 1182 1027 gratias
1208 953 1317 1028 agen-

225 1035 316 1110 tium
343 1035 410 1109 tibi
425 1035 521 1109 haud
548 1031 725 1106 sufficiant
740 1033 763 1106 ¹.
791 1031 848 1105 Tu
864 1055 930 1106 nos
957 1033 1170 1119 abinvicem
1192 1034 1317 1108 distin-

227 1139 309 1236 guis
335 1137 573 1236 invisibilibus
600 1135 723 1209 formis
745 1143 782 1207 et
807 1136 917 1210 fibrae
944 1135 1104 1210 radicum
1131 1159 1254 1210 earum
1279 1137 1317 1210 in

227 1265 300 1318 una
325 1241 439 1315 forma
464 1240 567 1313 Adae
584 1237 752 1334 colligata
778 1246 935 1333 suntne
961 1246 1085 1313 nostra
1108 1261 1209 1312 mens
1227 1239 1319 1312 mul-

227 1344 381 1418 titudine
417 1342 640 1416 diversorum
674 1341 884 1436 ligaminum
930 1343 1101 1416 distracta
1135 1349 1318 1438 evagetur.

229 1445 281 1520 Te
307 1447 508 1536 adoramus,
526 1444 588 1540 qui
613 1467 678 1518 nos
696 1445 734 1516 in
752 1444 924 1518 mundum
949 1444 1124 1519 induxisti
1146 1450 1181 1516 at
1207 1443 1319 1516 domi·

228 1549 328 1622 nium
354 1549 456 1622 nobis
484 1547 616 1620 dedisti
641 1546 810 1640 omnium,
837 1571 927 1642 quae
954 1572 1001 1622 ex
1029 1571 1070 1621 ao
1098 1552 1193 1640 sunt,
1211 1553 1248 1622 et
1274 1570 1320 1620 ex

229 1649 296 1725 hoc
322 1651 454 1726 mundo
472 1673 537 1722 nos
565 1645 693 1724 educes
710 1649 809 1743 hora,
837 1673 907 1746 qua
932 1673 1003 1724 non
1032 1649 1246 1747 putabimus.
1267 1650 1332 1722 Te

229 1756 431 1848 adoramus,
449 1753 511 1850 qui
536 1751 665 1826 dedisti
682 1755 832 1826 verbum
859 1753 897 1826 in
923 1777 962 1826 os
988 1759 1149 1826 nostrum
1176 1757 1213 1824 et
1237 1751 1321 1824 feci·

231 1857 277 1930 sti
303 1881 368 1930 nos
394 1857 600 1930 defensores
627 1877 771 1952 precum
799 1863 1015 1930 nostrarum.
1040 1855 1122 1929 Tibi
1149 1853 1324 1929 acclamat.

228 1961 346 2034 Adam
363 1961 402 2034 in
426 1983 514 2057 pace
533 1983 597 2032 sua
622 1978 700 2031 eum
728 1959 882 2055 posteris
900 1959 985 2054 suis,
1003 1958 1169 2055 quoniam
1195 1979 1319 2030 omnes

229 2063 387 2138 conclusi
415 2069 498 2136 sunt
525 2063 590 2136 sub
617 2061 735 2157 gratia
760 2068 831 2133 tua.
859 2062 940 2134 Tibi
970 2061 1184 2138 benedicunt
1209 2060 1320 2153 venti,

229 2189 339 2262 quum
374 2171 595 2240 commovent
630 2187 768 2260 aquam.
805 2164 856 2237 Te
885 2164 1060 2261 glorificat
1093 2172 1319 2259 tetraonas

230 2277 354 2367 aperto
372 2276 475 2342 utero
493 2291 556 2341 suo
582 2268 728 2342 festinat
752 2267 906 2342 fructum
924 2292 1028 2340 suum
1047 2267 1133 2340 dare
1160 2275 1321 2363 tempore

230 2395 306 2446 suo.
332 2371 415 2447 Tibi
440 2370 654 2446 benedicunt
681 2371 795 2444 maria
819 2371 925 2444 undis
953 2372 1038 2464 suis,
1057 2370 1161 2466 quasi
1188 2371 1322 2464 oribus,

229 2497 339 2570 quum
357 2498 461 2548 voces
481 2496 603 2546 eorum
631 2480 855 2570 potestatem,
873 2496 980 2567 quam
1008 2497 1116 2570 super
1139 2495 1181 2544 aa
1197 2473 1319 2565 habos,

228 2577 445 2674 praedicant.
472 2575 524 2647 Te
551 2574 781 2671 magnificant
811 2577 1018 2667 arboreae
1043 2573 1211 2672 procellis
1238 2597 1339 2646 com.

229 2701 365 2775 cussae,
391 2681 439 2752 'in
473 2684 646 2774 conceptu
682 2683 719 2750 et
753 2685 859 2775 partu
895 2677 961 2750 tibi
986 2678 1203 2752 obedientes.
1238 2677 1322 2751 Tibi

228 2783 445 2856 benedicunt
470 2783 603 2856 herbae
639 2804 705 2854 sua
730 2780 914 2870 varietata,
938 2788 974 2854 et
1001 2781 1108 2854 flores
1143 2781 1321 2854 coloribus

228 2885 316 2980 suis,
335 2893 506 2983 sugentes
533 2883 787 2957 abundantiam
813 2881 991 2978 imbrium,
1012 2890 1182 2958 atrorem
1210 2884 1321 2956 susci-

226 2987 379 3084 pientes.
398 2990 497 3078 Quae
516 2986 635 3060 omnia
652 2992 916 3082 congregentur
934 2995 972 3060 et
988 3009 1095 3061 voces
1113 3010 1196 3060 suas
1214 2985 1322 3059 simul

228 3090 383 3186 elevent,
420 3091 522 3188 quasi
548 3089 726 3164 communi
751 3090 887 3186 impetu
914 3098 1011 3186 acta,
1039 3097 1075 3162 et
1105 3113 1171 3186 per
1191 3088 1321 3183 omnia,

227 3215 339 3290 quum
365 3218 479 3292 pauca
498 3193 581 3286 sint,
599 3192 637 3266 in
655 3191 915 3265 consonantia²
933 3217 980 3266 ex
997 3193 1161 3267 omnibus
1177 3191 1323 3265 uniatur
1427 3251 1434 3258 κ

227 3297 431 3372 benedictio
459 3304 541 3390 tua,
568 3295 747 3368 universis
781 3295 943 3370 adinstar
976 3295 1150 3371 artificum
1185 3296 1223 3366 in
1254 3294 1324 3367 ista

227 3399 433 3474 laudatione
460 3406 523 3472 tua
549 3397 833 3495 cooperantibus.
860 3399 1034 3474 Nostrum
1054 3398 1175 3494 itaque
1199 3403 1264 3491 est,
1283 3403 1325 3470 ut

231 3509 307 3576 tota
331 3511 455 3579 nostra
471 3502 655 3578 voluntate
674 3502 719 3574 ad
737 3508 772 3574 te
798 3501 998 3595 tendamus,
1016 3508 1053 3574 et
1069 3507 1170 3574 tuum
1197 3507 1263 3595 ast,
1285 3507 1326 3573 ut

229 3605 415 3702 paululum
446 3631 493 3679 ex
524 3615 587 3679 tna
618 3601 875 3702 plenitudine5
906 3604 952 3680 ad
983 3628 1048 3682 nos
1074 3603 1249 3698 attendas,
1285 3609 1328 3676 ut

228 3707 332 3782 nobis
368 3708 415 3782 sit
443 3709 590 3805 spiritus
618 3709 812 3804 tuus,‘qui
839 3713 895 3780 est
928 3707 1062 3780 veritas
1095 3729 1142 3780 ex
1168 3713 1227 3800 te,
1254 3727 1325 3802 quo

229 3817 353 3886 nostra
381 3810 570 3885 infirmitas
597 3809 799 3902 auferatur,
826 3831 917 3906 quae
945 3809 1021 3882 sina
1047 3809 1119 3882 tuis
1146 3809 1248 3884 donis
1279 3809 1325 3884 ad

311 4065 337 4120 l.
358 4062 444 4120 Haec
459 4059 614 4118 sententia
625 4076 664 4118 ex
682 4058 749 4118 cod.
761 4059 787 4116 B
798 4057 961 4117 emendata
973 4061 1020 4118 ast
1031 4079 1039 4132 ;
1050 4058 1080 4116 in
1096 4056 1163 4118 cod.
1174 4058 1202 4116 A
1215 4073 1325 4114 sensus

231 4139 338 4278 daml-
360 4219 409 4278 Sic
434 4218 465 4276 iu
489 4216 559 4276 cod.
584 4217 620 4274 B.
644 4214 778 4274 Tantum
803 4213 919 4274 codicis
942 4215 971 4272 A
995 4213 1119 4272 Aucber
1145 4213 1188 4271 sic
1214 4211 1324 4273 vertit:

231 4297 331 4365 Quum
345 4315 444 4373 pauca
458 4294 651 4373 reperiantur
666 4293 705 4352 ad
718 4293 808 4352 ludos
823 4297 904 4366 tuos,
924 4289 1155 4371 compaginetur
1169 4291 1208 4350 ab
1231 4290 1327 4349 omni·

231 4375 571 4514 bus.131,11s,c„1g.e,bum²
587 4477 605 4508 a
616 4467 657 4509 ex
672 4454 702 4512 te
718 4450 784 4510 toto
798 4480 824 4512 a.
