3268 5220
356 479 509 567 nostrae,
528 495 637 568 quum
654 475 690 543 et
706 494 770 544 nos
788 470 854 544 hoc
877 477 1097 568 expetamus,
1122 477 1162 543 ut
1179 494 1251 543 non
1269 468 1442 547 dissolva-

358 583 418 650 tur
436 583 471 649 et
489 575 664 650 crucietur
681 575 798 648 anima
814 583 947 670 nostra,
973 576 1077 650 sicuti
1093 575 1155 648 ille
1173 597 1238 672 per
1255 581 1441 671 peccatum

356 703 458 753 suum
477 679 671 753 dissolutus
689 687 726 751 et
742 679 917 752 cruciatus
936 686 1000 752 est.
1022 680 1184 754 Profecto
1201 681 1351 754 verbum
1368 679 1441 752 Do·

356 783 444 856 mini
462 783 618 856 omnium
635 807 755 857 rerum
773 785 818 856 ad
836 808 916 856 eum
933 784 1096 881 pervenit
1113 807 1263 883 eumque
1282 783 1441 878 expiavit

356 893 392 958 ct
411 887 566 981 sanavit3
595 887 752 985 expiavit
769 888 906 960 occulta
923 888 998 984 ejus
1016 895 1159 984 peccata
1178 895 1213 959 et
1231 887 1370 960 sanavit
1386 885 1441 960 vi-

355 989 494 1066 sibilem
512 991 588 1087 ejus
606 1014 747 1064 carnem
763 1017 771 1087 ;
790 999 826 1063 et
844 993 893 1064 sic
905 1015 970 1087 per
986 991 1142 1064 visibilia
1160 997 1195 1063 et
1212 1014 1276 1088 per
1294 992 1441 1063 abscon-

354 1093 429 1166 dita
446 1117 555 1192 opere
572 1098 764 1190 constabat,
778 1095 896 1192 ipsum
909 1119 987 1168 esse
1004 1093 1120 1194 Deum
1133 1096 1172 1168 in
1185 1095 1389 1169 abscondito
1404 1100 1441 1167 et

353 1197 532 1271 hominem
550 1199 588 1270 in
604 1199 749 1291 visibili,
768 1200 852 1297 quia
868 1202 912 1273 ob
931 1199 1144 1272 exteriorem
1157 1199 1232 1296 ejus
1249 1200 1442 1272 humanam

353 1301 502 1375 formam
515 1302 740 1376 manifestum
754 1310 840 1397 erat,
855 1327 935 1375 eum
949 1325 1026 1376 esse
1039 1303 1228 1398 hominem,
1247 1309 1283 1374 et
1294 1308 1442 1400 propter

351 1404 557 1480 interiorem
575 1407 650 1504 ejus
667 1407 947 1503 magnitudinem
965 1406 1132 1480 credibile
1151 1414 1238 1501 erat,
1257 1429 1337 1478 emn
1359 1428 1440 1480 esse

354 1507 481 1582 Deum.
546 1532 548 1536 ·

456 1613 665 1686 Dimissa
687 1614 785 1687 sint
810 1614 900 1688 tibi
920 1621 1116 1711 peccata
1135 1620 1224 1687 tua.
1243 1613 1342 1702 Quae
1359 1637 1444 1710 pec-

354 1723 433 1790 cata
458 1717 492 1788 ei
510 1716 675 1790 dimisit?
702 1716 809 1791 Certe
828 1742 870 1790 ea
887 1741 976 1814 quae
1003 1717 1041 1789 in
1066 1717 1183 1815 ipsum
1206 1717 1442 1791 commiserat.

354 1818 536 1908 Quomodo
555 1844 640 1918 ergo
658 1821 796 1895 alienus
815 1829 869 1895 est
886 1847 907 1894 a
924 1821 1030 1918 lege?
1044 1822 1092 1894 Et
1106 1822 1191 1917 quid
1210 1823 1284 1896 sive
1302 1821 1346 1916 ei,
1365 1822 1441 1896 sive

352 1922 454 1997 Patri
472 1927 548 2022 ejus
567 1925 742 2000 debebant
758 1927 930 2019 homines,
952 1925 1013 2022 qui
1034 1949 1098 2022 per
1115 1925 1254 1998 nullum
1272 1949 1360 2022 opus
1377 1949 1442 2022 po·

351 2030 483 2102 tentiae
500 2052 566 2102 nec
583 2031 621 2102 in
642 2030 792 2128 justitia,
819 2053 884 2102 nec
901 2030 940 2103 in
957 2029 1182 2126 legislatione
1211 2054 1293 2102 eum
1321 2051 1441 2102 sense-

351 2139 436 2205 runt
451 2133 491 2206 ¹?
508 2132 660 2207 Peccata
678 2157 774 2230 ergo,
793 2157 883 2230 quae
897 2157 1014 2207 coram
1027 2133 1104 2206 Deo
1122 2133 1213 2228 legis
1229 2134 1347 2207 debita
1360 2157 1443 2205 con-

351 2236 508 2331 trahunt,
528 2237 701 2332 quomodo
728 2238 862 2310 dimisit
886 2239 999 2331 Iesus,
1026 2237 1096 2310 nisi
1114 2261 1193 2310 oum
1215 2237 1277 2309 illo
1295 2261 1360 2334 per
1378 2260 1440 2332 ge-

353 2342 575 2416 nerationem
596 2342 800 2439 conjunctus
828 2340 948 2414 esset?
974 2345 1110 2438 Aperte
1136 2340 1254 2438 potius
1271 2365 1336 2439 per
1352 2343 1442 2415 baec

353 2442 487 2518 dictum
512 2451 577 2540 est,
604 2446 698 2543 quod
723 2445 837 2518 Filius
855 2447 931 2543 ejus
958 2453 1022 2518 est.
1050 2445 1142 2534 Quia
1167 2445 1384 2542 paralyticus
1401 2447 1441 2518 in

352 2546 472 2646 ipsum
488 2550 658 2646 peccavit,
685 2550 824 2646 punivit
841 2573 923 2622 eum
940 2550 978 2622 in
995 2573 1099 2622 carne
1117 2551 1229 2624 Juxta
1245 2543 1442 2624 doctrinam

353 2651 527 2728 Jasovva²
545 2653 683 2726 dicunt:
710 2655 769 2728 Ad
795 2653 881 2751 quid
906 2678 994 2752 opus
1021 2661 1098 2726 erat
1122 2653 1273 2726 Domino
1299 2654 1441 2728 dicere:

356 2756 544 2831 “Dimissa
561 2764 644 2830 sunt
660 2757 726 2830 tibi
742 2764 887 2855 peccata
903 2765 965 2830 tua
977 2797 1004 2833 a.
1020 2757 1112 2831 Sane
1129 2759 1196 2831 hoc
1213 2758 1247 2830 ei
1263 2782 1351 2855 opus
1368 2781 1443 2831 non

346 2869 443 2956 erat,
463 2862 493 2935 si
509 2861 571 2933 ille
589 2885 661 2934 non
676 2868 822 2958 propter
834 2869 978 2959 peccata
989 2861 1147 2959 paralysi
1163 2861 1314 2935 afflictus
1327 2860 1440 2935 erata

288 3032 292 3040 .
355 2966 404 3039 Et
414 2989 522 3062 quare
534 2965 567 3037 ei
575 2965 796 3059 condonavit,
805 2966 875 3038 nisi
887 2966 957 3063 ipsi
970 2967 1107 3040 debitor
1116 2971 1193 3038 erat
1202 2964 1441 3062 paralyticus?

357 3070 434 3146 Aut
450 3069 521 3144 nisi
537 3069 650 3167 ipsius
669 3069 806 3144 debitor
824 3077 910 3164 erat,
929 3070 1015 3166 quid
1039 3069 1172 3167 profuit
1190 3069 1234 3162 ei,
1252 3076 1293 3143 ut
1309 3069 1445 3144 diceret

434 3336 463 3392 1.
482 3331 532 3390 Ad
545 3333 673 3392 verbum
690 3346 703 3379 a
716 3348 786 3391 eum
800 3337 1002 3410 susceperunt
1015 3364 1028 3396 0
1052 3335 1172 3394 scilicet
1185 3333 1335 3394 sensibus.
1348 3331 1441 3392 Refu-

355 3411 402 3470 tat
422 3427 545 3470 errores
565 3411 840 3485 Marcionistarum,
862 3413 914 3488 qui
933 3411 1088 3472 Obristum
1108 3418 1140 3472 et
1151 3415 1278 3473 Patrem
1298 3415 1366 3490 ejus
1379 3429 1442 3470 non

357 3491 516 3567 proprium
532 3489 636 3548 mundi
654 3493 686 3547 et
704 3490 906 3566 legislationis
927 3495 1094 3568 auctorem,
1114 3493 1170 3552 sed
1182 3494 1281 3552 Deum
1295 3511 1314 3550 a
1326 3509 1442 3566 genere

298 3637 299 3646 χ
354 3568 488 3628 humano
503 3569 636 3626 alienum
650 3569 847 3630 crediderunt
862 3573 894 3628 et
906 3569 1012 3651 mundi
1032 3573 1217 3632 creationem
1231 3577 1263 3632 et
1276 3571 1442 3649 legislatio·

353 3665 426 3708 nem
444 3647 722 3711 “Cosmocratoria
740 3649 978 3724 adscripserunt.

433 3729 462 3786 2.
482 3728 532 3787 Ita
548 3729 640 3804 juxte
652 3727 754 3787 cod.B
776 3732 824 3786 est
837 3729 894 3788 hoc
914 3748 1033 3804 nomen,
1048 3747 1091 3788 so.
1108 3736 1264 3806 dmunpuy.
1285 3728 1441 3789 IncedA

353 3823 462 3884 proco
477 3810 526 3866 est
538 3813 687 3884 Anapum,
701 3807 827 3883 Jajswa,
847 3808 928 3884 quod
951 3809 1050 3868 editor
1068 3808 1146 3868 false
1164 3809 1242 3886 legit
1256 3835 1338 3884 ,layo
1351 3815 1439 3883 ιζιῃμ,

353 3886 461 3945 ultima
469 3885 548 3944 enim
558 3887 649 3945 litera
661 3905 722 3946 non
734 3889 782 3944 est
790 3913 820 3962 p,
831 3886 886 3945 sed
893 3915 924 3963 g,
936 3891 977 3963 ct,
988 3889 1027 3948 ad
1037 3905 1168 3964 sequens
1178 3889 1362 3947 vocabulum
1370 3906 1441 3964 per·

354 3965 443 4024 tinet.
457 3966 555 4024 Porro
571 3963 638 4025 cod.
652 3966 677 4024 B
691 3966 787 4026 verba
803 3967 918 4042 “juxta
931 3967 1101 4027 doctrinam
1115 3968 1241 4026 Jasowa
1260 3967 1300 4026 sd
1314 3984 1441 4042 praece-

355 4044 478 4104 dentem
492 4044 676 4117 sententiam
688 4044 794 4118 refert,
810 4051 842 4104 ct
861 4045 964 4105 verbis
988 4047 1063 4106 cAd
1076 4047 1173 4123 quid„
1198 4065 1309 4106 novam
1321 4045 1438 4122 incipit.

353 4122 435 4184 Num
455 4123 579 4184 Jacowa
599 4123 630 4181 in
651 4123 790 4183 doctrina
810 4124 1027 4186 Gnosticorum
1047 4144 1159 4186 nomen
1177 4125 1264 4200 Jesu,
1279 4127 1375 4184 erat?

437 4205 465 4262 3.
486 4203 599 4264 Sensus
620 4218 690 4262 esse
711 4203 851 4261 videtur:
873 4203 1131 4266 SiMcrcionistae
1153 4204 1276 4280 dicunt:
1297 4203 1347 4262 Ad
1368 4202 1441 4280 quid

356 4279 1441 4442 ttlttrlttffllttltbtlltttttttttttrtttitt·

491 4401 498 4434 r
585 4403 593 4435 r
1426 4393 1439 4408 “

358 4439 435 4501 ostis
452 4441 520 4520 ejus
535 4439 683 4516 originem
697 4438 833 4501 duxisse.
953 4404 961 4438 ²
