3344 5200
350 467 352 474 Α
372 374 443 446 aso

374 511 454 594 est.
483 505 618 595 Quibus
636 500 755 574 verbis
780 499 940 596 iniquum
966 499 1059 572 hunc
1077 500 1292 597 perditorem
1317 500 1355 574 in
1373 497 1457 574 cha-'

373 609 478 682 ritate
493 603 933 706 deplorabatumelius
952 603 993 675 ei
1012 610 1124 698 erat,
1144 605 1182 676 si
1209 613 1453 678 natusnon

373 713 550 786 fuisset
566 750 594 786 n.
609 711 660 782 At
678 709 709 781 si
721 707 894 781 Dominus
911 730 1049 780 crucem
1067 709 1258 807 ascendere
1270 707 1453 803 voluisset,

373 815 534 914 inquam
565 820 703 912 partem
732 811 799 886 hoc
824 813 974 885 verbum
1005 811 1263 905 inclinabimur,
1293 837 1379 884 num
1409 813 1455 886 ad

373 919 664 1020 praescientiam,
699 940 746 989 an
770 917 816 988 ad
850 915 1090 1010 inscientiam,
1117 939 1164 988 an
1189 915 1234 990 ad
1259 915 1455 1011 fallaciam,

373 1049 483 1124 quum
501 1023 614 1097 dixit:
637 1019 800 1094 “Melius
819 1019 852 1092 ei
879 1024 965 1113 erat,
988 1018 1018 1091 si
1042 1026 1147 1092 natus
1174 1043 1245 1093 non
1270 1021 1395 1094 finsset
1409 1020 1455 1094 n?

373 1127 473 1218 Quae
491 1134 575 1200 sunt
592 1126 759 1216 rationes,
776 1142 866 1222 quae
892 1121 1140 1220 impedierunt,
1157 1123 1345 1222 quominus
1369 1117 1452 1223 poe-
1533 1141 1540 1156 ‘
1651 1165 1652 1190 t

359 1231 526 1307 'nitentia
543 1229 819 1328 acceptationem
835 1225 1057 1301 mereretur⁴
1074 1227 1091 1298 ?

476 1336 514 1410 si
531 1336 699 1434 haerunt
714 1340 796 1412 tuac
813 1329 995 1404 irrisiones
1014 1336 1050 1402 et
1065 1337 1127 1404 tua
1149 1331 1313 1430 ludibria,
1333 1353 1453 1404 exem-

374 1437 473 1536 plum
491 1435 556 1514 tibi
575 1461 673 1518 sume
693 1441 893 1534 serpentem
912 1441 948 1507 et
964 1433 1038 1508 noli
1054 1435 1259 1532 vituperare
1274 1442 1310 1508 et
1327 1459 1455 1532 argue-

367 1566 413 1614 re
431 1567 499 1638 me,
517 1543 540 1616 i.
563 1565 592 1614 0.
611 1565 667 1614 me
685 1563 750 1638 pro
768 1539 937 1636 magistro
954 1561 1043 1612 meo.
1063 1538 1102 1612 si
1125 1539 1219 1612 enim
1236 1539 1354 1612 Adam
1379 1539 1456 1636 ipse

367 1647 576 1720 mandatnm
592 1639 894 1740 ‘transgressurus
913 1647 1000 1736 erat,
1018 1665 1125 1739 quam
1142 1642 1291 1739 gloriam
1309 1651 1349 1715 tu
1375 1667 1457 1716 oon-

374 1749 471 1846 geris
497 1751 535 1825 in
560 1747 799 1846 blasphemias
824 1745 934 1841 illius,
948 1746 1009 1842 qui
1035 1769 1074 1820 cs
1101 1747 1278 1844 serpentis
1308 1746 1457 1844 pulvere

367 1850 535 1952 implevit
552 1861 588 1926 et
605 1877 688 1926 eum
705 1851 904 1926 decurtavit
926 1857 961 1924 et
987 1849 1223 1923 consolamine
1249 1850 1457 1924 ambulatio·

372 1956 430 2030 nis
455 1959 611 2056 privavit
623 1957 669 2028 ²?
698 1955 737 2032 Si
754 1961 872 2030 autern
888 1955 1006 2030 Adam
1022 1959 1187 2029 nouerat
1212 1961 1456 2050 transgressu-

373 2058 532 2135 russina
563 2061 786 2154 sollicitante,
809 2061 907 2156 juste
935 2081 1051 2156 poena
1080 2057 1118 2129 in
1147 2065 1254 2156 caput
1280 2059 1457 2156 serpentis

375 2163 512 2238 recidit.
538 2163 889 2259 Etsiconcedamus,
905 2162 1022 2236 Adam
1047 2161 1092 2234 ad
1118 2163 1334 2262 peccandum
1355 2185 1458 2260 prae-

374 2275 538 2365 paratum
566 2292 643 2342 esse
669 2291 735 2365 per
753 2290 834 2339 cunr
851 2265 913 2363 qui
937 2265 1004 2338 fuit
1030 2288 1136 2338 causa
1161 2268 1308 2364 peccati,
1325 2273 1457 2360 tamen,

374 2371 459 2466 quia
483 2373 589 2445 istam
614 2371 921 2470 praeparationem
939 2370 1037 2466 prius
1060 2369 1227 2468 suscepit,
1245 2371 1364 2444 Adam
1375 2370 1459 2466 jure

334 2565 335 2570 Ἰ
365 2497 506 2572 ¹poenas
523 2475 591 2549 luit
606 2476 633 2548 5.
652 2475 817 2572 Quinimo
835 2474 952 2547 Adam
974 2473 1019 2546 o'b
1039 2473 1130 2550 hanc
1146 2475 1185 2546 in
1207 2475 1402 2548 tentatione
1420 2473 1460 2546 in

374 2602 416 2651 00
446 2580 627 2654 inventam
660 2579 866 2673 mollitiem,
897 2577 1036 2651 etiamsi
1061 2602 1208 2680 serpens
1239 2603 1361 2654 ansam
1387 2601 1460 2651 non

328 2686 330 2690 ’
373 2686 608 2780 praebuisset,
639 2683 677 2756 in
706 2683 793 2757 alias
824 2679 1128 2778 transgressiones
1154 2681 1322 2780 delapsus
1352 2689 1459 2774 esset,

267 2787 269 2795 '
374 2787 462 2882 quin
480 2788 711 2886 tentationem
729 2786 874 2861 subiret.
891 2787 949 2860 Ita
963 2793 998 2858 01
1015 2784 1089 2878 ille,
1103 2789 1165 2886 qui
1181 2807 1322 2860 crucem
1337 2807 1460 2860 ascen-

365 2891 438 2982 dit,
451 2891 599 2966 forsitan
612 2891 688 2964 sine
701 2892 771 2964 ista
787 2913 892 2964 causa
905 2890 1113 2965 occasionali
1130 2891 1168 2965 in
1181 2913 1320 2964 crucem
1334 2911 1458 2964 ascen-

374 3019 478 3070 surus
506 3003 592 3091 erat,
622 2995 707 3068 licet
737 2995 774 3068 id
811 3017 883 3067 non
913 2995 961 3068 sit
991 2994 1204 3090 verisimile,
1231 2995 1313 3091 quia
1339 2993 1458 3091 Scrip-

373 3107 411 3172 ta
432 3098 448 3146 l
473 3099 719 3186 Hebraeorum
737 3107 773 3170 et
791 3098 862 3173 alia
889 3097 994 3196 plura
1027 3098 1099 3172 hoc·
1122 3123 1187 3174 nos
1213 3099 1358 3172 credere
1387 3121 1459 3170 non

373 3203 504 3278 sinunt.
1345 3281 1347 3287 ,
1386 3203 1389 3206 ’

479 3306 644 3384 Charitas
669 3331 835 3382 arcanum
862 3305 1067 3410 publicavit,
1084 3314 1121 3381 et
1148 3303 1296 3384 rimori⁵
1321 3305 1457 3380 revela»

376 3607 407 3664 Μ
456 3530 481 3584 1.
502 3526 724 3619 ξο000οᾶ00110
745 3531 816 3586 sunt
839 3528 935 3588 verba
959 3531 1117 3608 cujusdam
1138 3529 1305 3604 haeretici,
1326 3525 1457 3586 forsitan

408 3624 550 3666 arcionis.
581 3660 582 3664 ,

454 3687 483 3742 2.
505 3685 551 3743 ef.
566 3686 735 3745 Commeat.
750 3705 774 3744 0.
793 3686 886 3762 Ephr.
900 3685 939 3744 ad
953 3687 1030 3746 Gen.
1048 3693 1077 3762 3,
1100 3689 1144 3746 15.
1159 3687 1272 3747 Sensus
1292 3685 1457 3745 00108101-

376 3765 446 3823 dam
460 3763 525 3840 ipsc
539 3767 605 3824 sinc
619 3762 789 3825 tentatione
803 3763 916 3824 diaboli
927 3773 1097 3844 peccasset,
1110 3785 1187 3842 quae
1208 3767 1306 3842 gloria
1318 3770 1458 3824 maneret

376 3843 518 3919 satanae,
529 3863 683 3921 perquem
698 3843 849 3922 serpentis
860 3846 1027 3922 ospulvere
1040 3845 1197 3924 impletum
1208 3853 1239 3906 01
1253 3845 1318 3922 ipse
1329 3859 1456 3921 serpens

377 3921 511 4000 pedibus
521 3924 646 3981 orbatus
665 3927 737 3982 est?
886 3995 888 3998 Ι

363 4042 366 4046 -
455 4004 484 4059 3.
504 4001 541 4059 In
555 4003 623 4061 cod:
638 4003 679 4061 B:
692 4001 759 4060 ursi
772 3996 984 4076 concedamus,
996 4005 1095 4062 Adam
1106 4003 1146 4062 ad
1156 4007 1316 4079 peccatum
1330 4019 1457 4081 praepa·

376 4081 477 4138 ratum
492 4097 561 4140 esse
575 4099 630 4158 par
644 4097 724 4156 eum,
738 4081 789 4158 qui
801 4081 859 4140 luit
873 4095 974 4159 causa,
988 4088 1022 4142 ut
1034 4083 1298 4161 praeparationem
1311 4083 1396 4161 prius
1405 4101 1455 4156 ac,-

377 4159 504 4238 ciperet‚
518 4161 619 4220 tamen
629 4162 700 4236 jure
714 4159 837 4236 punitus
851 4164 908 4220 001.

359 4255 361 4264 ’
457 4241 485 4296 4.
506 4234 555 4297 Ad
578 4239 724 4298 verbum:
750 4237 936 4300 sLoctiones
958 4227 1171 4300 Hebraeorum
1184 4271 1210 4316 s,
1230 4241 1249 4300 i.
1263 4259 1291 4301 0.
1314 4239 1458 4302 vaticinia

380 4315 495 4392 antiqui
517 4317 716 4392 Testamenti,
736 4327 818 4394 quse
841 4309 995 4378 duriatum
1018 4330 1073 4395 per
1095 4319 1265 4397 ‘populum
1286 4331 1401 4384 suumn
1425 4325 1456 4378 et

378 4400 505 4472 propter
514 4401 642 4472 peccata
656 4398 740 4458 cruci
752 4395 876 4456 affixum
888 4397 925 4456 iri
937 4397 1165 4473 praedixerunt.

458 4475 485 4532 5.
506 4476 531 4532 Ι.
547 4493 572 4534 e.
584 4477 716 4537 Ioannes
730 4476 879 4538 revelavit
891 4479 995 4536 Petro.
