3268 5220
362 353 406 423 36

362 479 503 555 dotibus
521 479 695 572 Abiathar
713 478 804 556 liber
821 479 944 577 evasit,
964 477 1054 554 sicut
1076 482 1228 555 Ioannes
1244 505 1291 553 ex
1308 477 1452 554 infanti·

362 583 439 658 bus.
458 585 504 658 In
520 585 696 659 Abiathar
714 585 870 660 ablatum
887 593 942 658 est
960 586 1194 659 sacerdotium
1212 583 1336 658 domus
1353 586 1452 682 Heli,
1491 688 1496 698 ι
1621 597 1622 604 ’

362 695 406 761 et
416 689 455 761 in
470 691 603 764 Ioanne
621 690 740 764 ablata
757 697 812 762 est
829 691 1016 787 prophetia
1033 690 1187 764 filiorum
1203 690 1320 786 Iacob.

466 793 559 882 Quia
575 794 701 888 Israel,
727 793 853 890 quiex
873 797 1040 892 Aegypto
1067 795 1215 866 eductus
1229 800 1265 865 et
1281 816 1345 889 per
1372 817 1451 888 my·

362 895 510 988 sterium
536 896 631 970 filius
656 899 855 971 nominatus
873 905 938 992 cst,
965 898 1188 995 adoptionem
1214 920 1314 968 suam
1331 897 1452 993 perdi·
1510 933 1514 937 ·

362 1001 475 1094 derat,
488 1001 638 1074 Baalum
651 1003 801 1076 adorans
819 1008 855 1074 et
871 1001 976 1074 idolis
993 1002 1118 1074 odores
1136 1001 1344 1095 accendens,
1369 1001 1450 1073 ideo

362 1104 527 1202 Ioannes,
546 1106 811 1201 generationem
836 1105 1039 1203 viperarum
1067 1129 1147 1176 eum
1174 1103 1371 1201 appellans,
1387 1127 1452 1178 nc·

363 1231 448 1284 men
465 1209 676 1282 conveniens
695 1210 727 1282 ei
745 1206 851 1282 dedit.
870 1209 1015 1284 Perdito
1033 1209 1186 1284 filiorum
1204 1207 1450 1305 adoptivorum

363 1311 506 1384 nomine
537 1336 582 1385 ex
600 1313 716 1409 gratia
733 1314 857 1388 diebus
874 1311 1010 1409 Moysis
1029 1315 1080 1386 eis
1097 1313 1241 1405 tributo,
1267 1309 1366 1383 aliud
1387 1335 1450 1383 no-

363 1440 448 1488 men
464 1417 630 1513 operibus
649 1417 722 1491 suis
740 1441 938 1514 congruens
955 1442 1020 1514 per
1041 1419 1210 1492 Ioannem
1228 1423 1451 1512 acceperunt.

470 1519 587 1608 Quum
604 1521 778 1595 Dominus
795 1522 981 1595 interram
997 1521 1258 1619 Aegyptiorum
1284 1519 1454 1592 intrasset

366 1624 548 1696 etiterum
574 1625 732 1720 exiisset,
757 1625 842 1698 dicit
866 1625 1116 1722 Evangelista:
1143 1624 1268 1696 Tunc
1293 1623 1454 1720 imple-

364 1734 460 1800 tum
487 1734 558 1800 est
584 1732 786 1824 verbum,
810 1730 928 1826 quod
956 1729 1128 1802 dictum
1156 1735 1327 1824 estper
1353 1751 1452 1825 pro-

365 1833 563 1928 phetam,
590 1833 770 1928 quiait:
798 1831 1451 1931 eergyptovocavifilium

363 1959 519 2008 meum.
545 1935 593 2008 Et
609 1938 703 2032 quod
721 1937 828 2010 dicit:
855 1937 1162 2010 Naxoraenus
1188 1935 1451 2030 vocabitur,

363 2039 448 2135 quia
464 2039 631 2112 nimirum
648 2041 751 2137 virga
770 2040 947 2115 Hebraice
968 2041 1088 2114 Nazor
1106 2047 1207 2114 sonat
1224 2047 1259 2112 et
1276 2039 1452 2136 propheta

363 2165 444 2214 eum
463 2150 566 2216 vocat
582 2143 693 2216 filium
707 2146 826 2218 Nazor
839 2144 968 2241 (filium
979 2145 1130 2242 virgae),
1143 2144 1308 2240 quoniam
1325 2166 1454 2216 revera

362 2245 599 2341 virgaofilius
618 2255 672 2320 est
687 2247 711 2320 ¹.
738 2249 809 2322 Sed
826 2249 1067 2346 Evangelista,
1094 2249 1188 2345 quod
1214 2247 1252 2319 111
1268 2247 1449 2321 Nazareth

362 2349 520 2422 nutritus
538 2357 603 2445 cst,
628 2352 712 2425 huic
731 2353 941 2426 simileesse
958 2353 1084 2426 videns
1101 2352 1214 2424 dixit:
1239 2352 1451 2424 “Neaerae-

362 2475 431 2526 nus
448 2455 631 2528 vocabitur
648 2496 676 2531 n.
695 2455 888 2554 Prophetis
904 2480 1014 2554 penes
1031 2459 1211 2550 Ioannem,
1238 2455 1301 2528 sed
1318 2461 1450 2550 myste-

363 2555 419 2630 ria
435 2559 641 2655 prophetiae
663 2584 772 2658 penes
791 2559 981 2633 Dominum
998 2561 1153 2654 Ioannis,
1181 2561 1272 2633 sicut
1289 2559 1452 2631 sacerdo·

363 2659 453 2734 tium
478 2685 588 2760 penes
614 2664 726 2736 filium
750 2663 951 2759 Zachariae,
979 2672 1015 2737 et
1030 2665 1218 2761 imperium
1236 2670 1272 2735 et
1289 2662 1452 2734 sacerdo·

363 2765 454 2838 tium
479 2789 589 2864 penes
623 2767 735 2841 filium
761 2767 908 2842 Mariae.
942 2769 1031 2842 Per
1056 2766 1250 2864 Moysen
1276 2774 1347 2839 est
1371 2766 1450 2838 lex

367 2869 540 2964 (Ιο1.1,1
569 2871 583 2965 )
611 2878 647 2943 et
673 2873 813 2969 signum
841 2871 935 2970 agni,
963 2871 1127 2945 etmulti
1157 2868 1450 2969 typihmalecff,

365 2995 469 3070 aqua,
487 2979 576 3071 quae
597 2975 711 3050 dulcis
729 2978 821 3050 iacta
838 2986 903 3071 est,
922 2982 958 3048 et
977 3000 1121 3074 serpens
1139 2999 1282 3070 aeneus,
1302 2975 1365 3048 sed
1381 2997 1451 3047 ve-

367 3077 488 3150 ritas
516 3078 757 3177 ejus⁵per
782 3081 937 3153 Iesum
958 3080 1200 3152 Dominum
1226 3086 1449 3152 nostrum.

345 3179 571 3278 'Baptismus
588 3183 731 3256 Ioannis
750 3184 910 3281 superior
929 3191 1004 3256 erat
1020 3183 1113 3280 lege,
1132 3183 1195 3256 sed
1207 3183 1352 3256 inferior
1364 3184 1452 3278 bap-

363 3283 470 3356 tismo
490 3284 636 3380 Christi,
654 3287 737 3383 quia
753 3311 855 3360 nemo
872 3287 910 3359 111
926 3287 1067 3361 nomine
1081 3287 1282 3382 (Trinitatis
1292 3286 1323 3381 ἢ)
1336 3284 1452 3382 bapti-

363 3390 511 3462 zabatur
527 3413 639 3486 usque
664 3391 710 3462 ad
736 3397 876 3489 tempus
893 3390 1117 3465 exaltationis
1147 3393 1224 3489 ejus
1245 3389 1397 3488 (Christi
1410 3386 1452 3484 5).

448 3589 476 3645 1.
491 3585 519 3645 S.
534 3586 687 3664 Ephraem
700 3585 802 3646 Nazor
814 3604 869 3664 pro
883 3585 984 3646 Nazer
997 3585 1071 3662 legit
1090 3586 1122 3644 in
1141 3586 1183 3645 Is.
1200 3588 1246 3662 ll,
1262 3588 1289 3644 1.
1303 3583 1451 3660 “Virgae

369 3665 451 3725 filius
462 3707 482 3741 „
498 3684 554 3725 seu
567 3666 712 3740 “sceptri
726 3665 838 3740 filius„
853 3666 969 3725 socium
983 3665 1071 3740 regni
1085 3666 1245 3742 signifieat.

447 3747 475 3803 2.
497 3745 620 3821 Signum
634 3745 753 3802 scilicet
766 3745 797 3802 in
807 3745 997 3818 'Amaleoitis
1009 3760 1100 3820 quum
1110 3745 1233 3822 Moyses
1242 3742 1382 3803 manibus
1398 3760 1452 3801 ex·

365 3823 462 3884 tensis
478 3828 590 3899 oraret,
606 3823 702 3882 donec
716 3825 905 3884 Amalecitae
920 3825 1127 3884 vincerentur.

445 3905 474 3960 3.
496 3903 878 3978 Silioetlegis.1ncod.B:
894 3921 1009 3978 eorum,
1024 3921 1068 3962 so.
1082 3904 1224 3982 typorum
1234 3903 1324 3963 modo
1336 3917 1452 3960 memo·

369 3983 518 4041 ratorum.
1218 3997 1251 4028 ··

448 4063 475 4119 4.
498 4062 535 4120 In
551 4059 618 4120 cod.
632 4061 676 4120 B:
691 4065 710 4098 “
722 4062 759 4119 In
771 4061 943 4121 nominibus
956 4103 985 4135 ,‚.
1005 4059 1139 4120 Dubium
1158 4077 1219 4120 non
1234 4061 1291 4138 est,
1304 4059 1335 4119 h.
1349 4059 1370 4119 l.
1390 4058 1451 4120 for-

289 4179 291 4184 .
365 4140 479 4199 mulam
493 4139 636 4218 baptismi
650 4138 816 4198 Christiani
829 4141 1004 4215 significari.

447 4222 475 4278 5.
497 4220 526 4280 S·
537 4220 727 4297 Ephraemus
737 4220 768 4276 h.
780 4221 799 4278 l.
810 4221 994 4296 baptismum
1006 4217 1221 4296 discipulorum
1230 4216 1343 4278 Christi
1352 4217 1451 4294 (Icsrr.

307 4348 309 4354 .
365 4300 393 4374 4,
409 4301 441 4370 2)
463 4317 531 4358 oum
545 4298 729 4375 baptismate
750 4300 874 4357 Ioannis
889 4300 997 4358 eodem
1011 4301 1080 4358 loco
1095 4313 1210 4374 ponere
1223 4297 1356 4372 videtur,
1379 4296 1453 4374 quia

366 4375 550 4455 baptismum
565 4375 679 4436 Christi
691 4376 833 4438 invocato
848 4379 1007 4437 Trinitatis
1020 4377 1141 4436 nomine
1155 4377 1226 4454 post
1239 4377 1452 4438 ascensionem

365 4455 479 4516 Christi
494 4455 655 4516 exordium
670 4459 836 4535 sumpsisse
851 4457 989 4519 affirmat.
1005 4456 1101 4517 Paulo
1111 4455 1240 4516 inferius
1251 4461 1355 4518 autem
1369 4472 1453 4516 asse·
