3344 5200
387 364 457 440 204
525 331 528 346 '

387 497 437 570 Os
455 495 550 570 enim
569 495 646 591 ejus
663 494 725 591 qui
742 494 926 568 clamando
950 493 1127 567 mortuum
1155 493 1430 590 quatriduanum
1459 517 1478 566 e

388 597 552 694 sepulcro
570 599 720 690 vocavit,
738 599 923 694 promissis
945 598 1019 671 suis
1038 599 1156 690 stabit,
1175 599 1269 694 quod
1286 599 1395 672 tertia
1420 597 1479 670 die

335 722 338 726 ·
387 701 464 796 ipse
484 725 522 772 se
536 701 730 774 vivificabit
748 710 784 774 et
801 708 978 797 resurget.
998 699 1228 797 Contemptui
1248 709 1326 776 erat
1343 709 1380 774 et
1397 725 1480 773 ava-

384 804 480 896 ritia,
497 828 588 900 quae
607 805 644 876 iu
662 805 766 878 corde
784 804 900 876 Judae
931 801 1083 876 Domino
1103 803 1252 878 insidias
1277 803 1420 878 'struxit
1444 810 1481 876 et

384 906 535 1002 triginta
564 909 744 1002 argenteis
776 930 858 980 eum
876 907 1060 999 vendidit,
1088 911 1124 978 et
1153 907 1267 981 Judas
1297 907 1479 980 convictus

386 1017 453 1104 est,
472 1010 573 1105 quod,
595 1033 667 1082 non
696 1009 789 1105 ideo,
806 1011 891 1105 quia
921 1009 1095 1082 Dominus
1127 1032 1165 1081 so
1197 1010 1313 1082 Deum
1334 1011 1478 1102 fecerat,

386 1137 468 1184 eum
485 1113 627 1184 tradere
659 1117 864 1208 quaerebat,
884 1113 975 1184 sicut
991 1136 1058 1184 nec
1075 1135 1161 1186 cura
1183 1136 1381 1210 pauperum
1399 1135 1481 1184 eum

387 1215 560 1310 incitavit,
579 1222 618 1286 ut
635 1216 753 1288 oleum
771 1215 946 1290 unctionis
965 1217 1121 1288 vendere
1139 1215 1261 1290 vellet.
1358 1254 1370 1286 s

490 1318 664 1392 Dominus
683 1320 801 1414 itaque
815 1319 1027 1392 Bethaniam
1042 1320 1141 1392 venit
1156 1326 1192 1390 et
1209 1319 1362 1392 amioum
1377 1339 1480 1390 suum

387 1421 625 1514 resuscitavit,
652 1445 690 1493 se
723 1423 840 1518 ipsum
870 1429 990 1494 autem
1021 1423 1059 1494 in
1091 1422 1284 1518 symbolica
1315 1420 1483 1492 unctione

384 1523 563 1620 sepelivit.
591 1525 770 1597 Gaudium
797 1526 939 1622 paravit
965 1525 1100 1597 Mariae
1119 1532 1156 1596 et
1181 1525 1345 1598 Marthae
1372 1529 1479 1619 atque

386 1629 617 1723 opprobrium
649 1628 787 1701 inferno
819 1637 855 1701 et
885 1627 1055 1702 avaritiae
1070 1654 1078 1724 5
1095 1627 1264 1722 oinicrno,
1296 1627 1480 1723 quianon

388 1753 530 1826 semper
547 1731 665 1828 ipsum
686 1733 880 1828 superabit,
899 1730 1082 1824 avaritiae,
1100 1732 1272 1826 quianon
1289 1731 1328 1803 in
1353 1751 1481 1826 perpe·

388 1841 489 1906 tuum
505 1857 586 1904 eum
601 1835 742 1907 vendet.
757 1835 926 1908 Dixerat:
945 1834 1062 1906 “Post
1075 1835 1233 1906 triduum
1252 1856 1438 1927 resurgam
1451 1871 1480 1924 a,

385 1937 492 2032 quod,
511 1935 638 2031 siquis
670 1962 746 2011 rem
765 1938 944 2010 difficilem
973 1961 1052 2010 esse
1071 1937 1275 2030 existimet,
1306 1936 1344 2007 in
1375 1935 1479 2007 illum

383 2039 659 2134 quatriduanum
685 2040 863 2136 respiciat,
879 2042 941 2137 qui
968 2040 1176 2138 resurrexit.
1203 2039 1306 2112 Dixit
1331 2039 1479 2134 aliquid,

383 2142 479 2236 quod
505 2141 683 2216 difficilius
702 2152 767 2238 est,
786 2169 891 2239 quam
918 2146 996 2236 hoc,
1015 2153 1055 2215 ut
1083 2165 1148 2238 per
1166 2143 1209 2214 id¹
1222 2141 1316 2237 quod
1346 2142 1385 2214 iu
1410 2142 1479 2214 La—

381 2265 468 2316 zaro
486 2245 695 2341 perfecerat,
713 2247 750 2319 id
769 2247 968 2338 crederent,
989 2246 1082 2341 quod
1101 2245 1144 2317 de
1165 2269 1202 2316 se
1221 2245 1299 2342 ipso
1328 2245 1480 2318 dixerat.

492 2350 723 2422 Accedite
750 2360 794 2421 et
821 2351 1008 2422 auferte
1035 2347 1253 2445 lapidem.
1286 2349 1358 2436 Qui
1384 2372 1478 2421 mor·

386 2455 488 2522 tuum
506 2451 701 2525 vivificavit
719 2461 755 2524 et
772 2453 882 2525 vitam
900 2453 938 2524 in
956 2477 1037 2526 eum
1054 2451 1211 2545 reduxit,
1225 2475 1344 2524 noune
1364 2457 1400 2522 et
1417 2474 1479 2547 po-

386 2553 455 2624 tuit
472 2555 611 2649 aperire
629 2556 834 2652 sepulcrum
853 2562 888 2627 et
906 2559 1045 2630 auferre
1073 2554 1259 2650 lapidem?
1279 2555 1350 2642 Qui
1377 2553 1481 2626 disci-

386 2655 481 2751 pulis
500 2657 574 2729 suis
592 2658 752 2730 dixerat:
773 2659 840 2731 “Si
858 2659 997 2733 habetis
1015 2659 1133 2752 fidem,
1152 2664 1192 2730 ut
1211 2683 1362 2758 granum
1388 2655 1483 2730 sina·

386 2757 455 2852 pis,
471 2759 595 2834 dicetis
622 2763 733 2834 monti
759 2762 863 2835 huic:
892 2761 1103 2836 Transierre
1130 2769 1167 2834 et
1198 2763 1434 2834 transferetur
1462 2785 1484 2832 a

385 2861 475 2934 facie
494 2871 614 2936 vestra
630 2865 654 2957 ¹,
673 2888 790 2946 nonne
818 2865 875 2937 hic
902 2865 1060 2962 lapidem
1080 2867 1124 2937 ab
1151 2887 1213 2936 ore
1239 2863 1395 2961 sepulcri
1420 2865 1484 2961 p'o-

384 2965 458 3042 tuit
488 2968 702 3040 removere?
736 2969 912 3060 Proiecto,
931 2970 993 3064 qui
1024 2968 1063 3040 iu
1094 2981 1196 3040 cruce
1218 2967 1378 3064 pendens
1396 2991 1483 3039 voce

385 3091 454 3146 sua
477 3077 618 3166 petram
638 3077 674 3142 et
694 3071 860 3168 sepulcra
890 3073 1005 3166 scidit,
1024 3070 1140 3166 potuit
1158 3076 1193 3142 et
1211 3073 1320 3144 verbo
1340 3094 1404 3142 suo
1430 3071 1482 3142 la-

388 3169 507 3266 pidem
539 3173 647 3246 istum
675 3174 805 3259 levare.
838 3175 909 3246 Sed
936 3176 1021 3271 quia
1050 3173 1209 3247 Lazarus
1240 3173 1376 3245 amicus
1408 3173 1484 3270 ejus

388 3281 479 3383 erat,
498 3275 612 3351 dixit:
635 3278 818 3374 “Aperite
837 3300 900 3350 vos
920 3278 990 3375 ipsi
1007 3317 1036 3371 a,
1054 3285 1095 3348 ut
1119 3276 1207 3350 odor
1233 3276 1379 3348 foetoris
1407 3276 1485 3372 ejus
1535 3272 1537 3278 ’

387 3399 494 3450 nares
513 3401 636 3452 eorum
654 3387 829 3474 tangeret,
850 3387 886 3451 et
907 3403 921 3438 α
940 3380 1067 3454 solvite
1087 3402 1168 3450 eum
1182 3418 1197 3454 a
1209 3403 1273 3453 vos
1286 3378 1356 3474 ipsi
1374 3380 1417 3451 ab
1432 3378 1485 3450 eis

386 3481 620 3572 quibuscum
650 3482 802 3576 ligastis,
820 3490 860 3554 ut
877 3506 966 3580 opus
999 3505 1168 3554 manuum
1198 3489 1402 3556 vestrarum
1428 3503 1486 3553 oo·

384 3577 583 3678 ‘gnoscatis

492 3686 579 3759 Ideo
609 3692 769 3784 tempore
809 3689 933 3762 mortis
958 3685 1088 3762 Lazari
1114 3685 1289 3760 Dominus
1317 3685 1484 3758 adhunc

388 3811 523 3882 pagum
542 3813 588 3862 sc
615 3813 686 3862 non
704 3791 866 3885 contulit,
884 3815 929 3864 ue
948 3791 1129 3863 dicerent:
1149 3790 1299 3863 Pactum
1327 3788 1421 3862 inter
1445 3810 1485 3860 se

385 3891 659 3966 constituerunt.
686 3895 808 3968 Etsi
835 3893 1173 3992 permittimus,
1205 3915 1363 3965 omnes
1390 3913 1484 3962 cre·

387 3993 502 4070 dent
541 3996 588 4070 in
619 4021 717 4070 eum
756 3997 1023 4073 etvenient
1062 3995 1357 4092 postmodum
1402 3993 1483 4066 Ro·

384 4098 512 4174 'mani
537 4106 582 4172 ct
613 4100 796 4174 tollent
834 4107 1021 4198 gentem
1060 4105 1291 4192 nostram,
1330 4097 1483 4191 legem

388 4201 614 4276 stlocum
649 4202 802 4277 istum.
844 4204 947 4294 Quod
980 4203 1170 4298 dixerunt,
1202 4199 1287 4300 quia
1315 4199 1484 4300 potestati

469 4435 495 4489 1.
516 4433 614 4496 Mera.
637 4435 747 4508 17,.19.
