3330 5200
1243 361 1313 436 153

223 495 340 568 minus
358 490 478 567 oculos
497 491 699 568 invisibiles
716 496 753 566 et
765 489 927 577 visibiles
946 491 980 564 ei
999 491 1111 566 daret.
1130 487 1311 566 Modicum

223 598 384 670 credenti
407 597 584 670 modicum
611 596 710 669 dedit
725 596 853 692 nisum.
880 595 999 684 Quum
1024 602 1143 669 autem
1173 598 1313 670 modica

222 701 285 772 lux
305 702 343 774 in
369 700 480 772 oculis
508 701 584 797 ejus
601 700 916 795 oriretur,·magna
940 700 1005 772 lux
1031 700 1069 770 in
1095 707 1213 773 mente
1233 703 1311 797 ejus

223 804 355 878 illuxit.
383 803 640 895 Perficiebatur
666 803 755 875 fides
782 803 860 900 ejus
885 803 983 876 intua
1003 809 1039 874 et
1064 803 1315 898 perficiebatur

223 908 322 980 visus
355 908 432 1004 ejus
462 907 560 981 foris.
586 906 725 980 Vidit
749 905 902 979 omnia
927 913 1094 1002 aperte
1113 905 1312 1003 (Minus,

226 1012 298 1104 25).
318 1011 436 1098 Quum
462 1009 500 1083 in
526 1011 641 1108 primo
660 1017 696 1082 et
711 1009 838 1082 humili
864 1009 979 1104 gradu
1004 1015 1111 1104 esset,
1137 1009 1312 1085 Dominus

225 1113 380 1187 debilem
399 1114 505 1186 fidem
532 1116 608 1212 ejus
634 1113 800 1206 firmavit,
819 1136 910 1209 quae
937 1135 1017 1185 cum
1043 1111 1178 1184 firmior
1198 1111 1313 1208 fieret,

224 1240 270 1290 en
288 1217 351 1290 illo
369 1217 563 1292 debilitatis
582 1217 696 1314 gradu
714 1215 816 1312 quasi
835 1217 928 1291 saltu
946 1216 991 1290 ad
1009 1215 1159 1313 gradum
1177 1215 1314 1313 perfec-

223 1319 329 1396 tionis
346 1320 519 1396 ascendit.

558 1638 797 1766 escun
835 1689 974 1765 niv.

330 2042 449 2134 Quid
477 2044 529 2116 de
557 2067 623 2116 me
651 2043 816 2116 dicunt
842 2037 1065 2138 homines,
1093 2042 1214 2140 quod
1247 2042 1313 2115 sit

90 2196 92 2200 s
225 2145 363 2221 filius
391 2146 626 2220 hominis?
650 2147 962 2244 Respondent
989 2149 1054 2224 ei:
1079 2147 1314 2220 Nonnulli

224 2250 410 2346 dicunt,
438 2251 558 2346 quod
587 2249 650 2323 sit
675 2250 831 2344 Elias,
859 2250 967 2345 alii,
995 2251 1115 2349 quod
1153 2250 1218 2322 sit
1247 2251 1317 2322 Ie·-

224 2355 398 2426 remias
419 2353 555 2450 (an
576 2355 633 2446 16,
655 2353 1223 2449 13-28).1111111(111111111111111Ι
1248 2352 1318 2424 mi·—

222 2456 344 2529 nacula
361 2458 438 2554 ejus
457 2463 658 2553 spectantes
673 2480 784 2553 aeque
802 2458 1087 2554 magnitudinem
1104 2457 1180 2552 ejus
1199 2456 1315 2552 expli-

222 2581 303 2631 care
320 2583 393 2633 non
420 2566 597 2656 poterant,
617 2561 681 2632 sed
697 2561 863 2633 nonnulli
890 2566 1141 2658 compararunt
1167 2582 1250 2632 eum
1266 2560 1315 2632 Fl-
1341 2568 1345 2576 '

221 2661 291 2736 liae
317 2672 465 2761 propter
491 2663 609 2736 zelum
636 2663 761 2737 domus
797 2663 917 2737 Patris
945 2665 1020 2759 sni,
1047 2664 1109 2737 alii
1139 2662 1315 2736 Ieremias

221 2773 369 2862 propter
396 2767 620 2840 sanctitatem
648 2767 724 2862 ejus
750 2769 794 2840 ab
821 2775 924 2840 utero
945 2767 1081 2859 matris,
1101 2766 1163 2838 alii
1188 2766 1316 2840 Ioanni

221 2875 368 2966 propter
394 2869 610 2974 baptismum
638 2871 714 2966 ejus
733 2876 770 2940 et
795 2869 969 2943 miracula
999 2869 1198 2943 nativitatis
1226 2869 1316 2964 ejus,

223 2973 306 3066 quia
322 2974 390 3046 hae
408 2995 467 3046 res
485 2980 591 3045 notae
613 2979 724 3046 erant.
753 2973 805 3046 Ut
823 2973 991 3069 discipuli
1009 2975 1086 3070 ejus
1109 2971 1317 3044 admiratio-

223 3097 269 3145 ne
288 3075 544 3170 affioicbantnr,
563 3075 614 3147 ita
630 3076 667 3148 in
686 3075 737 3148 eis
770 3075 930 3170 quicum
947 3076 1128 3169 videbant,
1152 3076 1316 3148 diversae

225 3184 324 3250 ortae
344 3185 426 3252 sunt
443 3173 669 3275 opinioncs'l.
696 3179 789 3251 Vos
817 3184 970 3251 autem
1007 3179 1119 3276 quid
1146 3177 1315 3252 dicitis

224 3281 275 3352 de
301 3305 377 3377 me,
404 3283 523 3377 quod
551 3281 661 3355 sim?
689 3281 859 3375 Simon,
879 3287 985 3378 caput
1003 3282 1234 3380 etprinceps,
1253 3279 1316 3352 lo-

225 3389 363 3457 cutus
391 3392 486 3458 est:
506 3385 570 3458 Tu
597 3408 644 3456 es
665 3384 903 3480 Christus,
921 3384 1063 3458 filius
1090 3384 1179 3458 Dei
1203 3384 1315 3459 vivi.

224 3487 280 3560 Et
306 3489 596 3586 respondit:
632 3488 812 3561 Beatus
840 3511 898 3582 es,
927 3488 1095 3562 Simon.
1135 3489 1192 3562 Et
1218 3484 1345 3585 pons

224 3597 298 3663 tae
323 3591 475 3664 inleri
500 3598 544 3663 te
571 3614 660 3662 non
686 3593 895 3686 vincent,
923 3592 995 3666 11.
1028 3592 1123 3688 quod
1153 3615 1226 3670 non
1255 3591 1317 3664 de·
1397 3603 1399 3607 '

223 3699 383 3765 struatur
409 3694 498 3764 fides
512 3693 542 3766 2.
571 3693 674 3782 Quod
702 3695 797 3767 enim
823 3695 998 3768 Dominus
1026 3695 1208 3786 aedificat,
1236 3695 1316 3790 quis

221 3799 340 3891 potest
357 3794 553 3887 destruere,
573 3801 609 3866 et
627 3796 722 3890 quod
748 3797 922 3896 Dominus
942 3799 1226 3895 subvertitque
1254 3821 1317 3894 po·

221 3903 293 3969 test
319 3897 520 3970 suscitare?
545 3897 671 3970 Voluit
697 3899 870 3994 Assyrius
911 3900 1095 3973 destruere
1122 3901 1316 3998 templum,

222 4000 316 4095 quod
328 3999 503 4072 Dominus
522 3999 781 4094 aedificaverat,
797 4001 860 4073 sed
876 4001 933 4073 hic
947 4003 1126 4076 destruxit
1148 4005 1317 4076 thronum

222 4102 325 4198 regni
351 4103 436 4199 ejus.
463 4103 520 4176 Ita
538 4109 574 4174 et
599 4101 767 4176 Nicanor.
786 4104 834 4177 Et
851 4103 976 4180 Achab
996 4104 1111 4180 voluit
1129 4105 1317 4182 aedificare

306 4363 333 4418 1.
354 4359 413 4420 Hic
427 4362 514 4421 locus
529 4380 569 4420 ex
585 4361 652 4419 cod.
666 4362 712 4436 B;
734 4361 912 4422 emendatus
926 4367 983 4422 est.

305 4440 332 4495 2.
355 4439 391 4497 In
406 4441 474 4500 cod.
489 4443 531 4500 B:
547 4439 638 4498 Fides
652 4443 714 4500 tna.
