3344 5200
1228 379 1298 452 213
1389 457 1392 468 ,

217 510 404 608 rosolymis
433 535 514 587 eum
532 509 742 604 occiderent,
760 509 939 584 Herodem
966 533 1104 608 quoque
1127 515 1163 582 et
1183 507 1298 582 Nata-

215 637 318 688 rasos
345 615 469 690 mortis
495 615 571 714 ojus
588 638 669 688 reos
687 613 808 708 luisse,
830 621 872 686 et
895 613 1088 688 vindictam
1115 609 1298 687 occisionis

201 718 292 814 ejus
323 718 430 795 etiarn
461 722 506 794 ab
539 719 590 792 eis
621 726 783 792 exactam
801 741 889 792 esse.
908 719 967 791 Ex
993 744 1062 816 quo
1085 719 1210 810 discas,
1227 737 1298 790 non

215 829 354 896 tanturn
378 823 595 898 habitatores
611 822 711 897 urbis
736 821 934 896 Ierusalem
958 847 1090 920 poenas
1113 819 1298 917 sanguinis

215 925 293 1024 ejus
319 925 403 1000 dare
430 929 570 1022 debere,
598 927 660 1000 sed
678 933 715 998 et
731 949 863 1019 ornnes,
881 927 942 1023 qui
969 950 1048 1000 euru
1071 927 1238 1001 viderunt
1263 927 1300 996 et

217 1031 428 1128 reJecerunt,
445 1031 570 1105 mortis
600 1031 677 1128 ejus
707 1055 788 1104 reos
813 1029 926 1126 argui.
957 1029 1139 1104 Dicendo:
1165 1031 1299 1114 Inter

218 1133 441 1230 templum
477 1143 522 1208 et
547 1136 673 1208 inter
708 1133 882 1227 altare,
908 1133 1032 1232 populi
1060 1132 1232 1207 malitiam
1263 1153 1299 1203 oe

146 1289 149 1293 -
219 1238 361 1331 stendit,
375 1239 458 1334 quia
471 1263 515 1312 ne
529 1239 646 1312 locum
659 1238 802 1334 quidem
816 1236 1029 1336 expiationis
1046 1236 1197 1312 reveriti
1206 1242 1298 1308 sunt.
1385 1324 1388 1330 Δ

140 1432 144 1435 r
221 1341 417 1432 Quoties
446 1341 578 1418 volui
611 1365 691 1416 vos
732 1340 1050 1439 congregare?
1081 1341 1175 1439 quod
1205 1339 1300 1412 idem

218 1452 274 1520 c'st
299 1469 340 1518 ao
365 1444 477 1520 illud:
506 1469 522 1506 ‹⁴
543 1447 635 1520 Ecce
655 1445 694 1520 hi
719 1453 793 1520 tres
820 1444 904 1519 amri
922 1453 1016 1542 sunt,
1033 1468 1079 1518 ex
1097 1469 1166 1542 quo
1183 1443 1299 1538 venio,

218 1573 391 1648 quaerens
407 1549 562 1624 fructum
583 1573 630 1624 ex
645 1551 712 1624 hac
728 1549 878 1624 ficulnea
896 1557 932 1623 et
948 1574 1020 1624 non
1042 1549 1185 1622 invenio
1202 1585 1217 1624 a
1236 1547 1259 1619 ¹.

217 1695 219 1700 ν
325 1653 374 1726 Si
400 1649 506 1748 quis
532 1653 745 1727 audierit
770 1656 914 1728 verba
940 1677 1036 1726 mea
1062 1660 1107 1726 et
1134 1675 1184 1726 ea
1213 1674 1302 1726 nou

222 1757 581 1852 observaverit,
609 1781 692 1853 ego
718 1775 806 1830 non
844 1758 951 1832 novi
977 1781 1073 1830 eum
1095 1758 1220 1852 (loru.
1245 1755 1301 1847 11,
1333 1821 1337 1838 ,

219 1861 292 1954 47)
306 1861 332 1934 1.
352 1862 403 1934 At
419 1863 480 1936 ubi
497 1868 553 1936 est
569 1861 682 1935 illud:
709 1884 724 1920 a
741 1861 849 1936 Pater
874 1862 1051 1934 neminem
1071 1861 1220 1958 judicat,
1240 1858 1303 1932 sed

220 1987 323 2038 omne
335 1964 508 2063 judicium
526 1967 619 2068 Filio
636 1965 782 2039 tradidit
799 2005 814 2040 a
830 1965 873 2037 ³?
892 1967 962 2044 sed
979 1967 1063 2064 quia·
1079 1966 1236 2039 medicus
1251 1969 1306 2036 est

221 2067 414 2163 hominum,
446 2070 553 2144 dicit:
593 2072 692 2144 Non
717 2069 826 2144 veni
850 2069 897 2143 in
935 2071 1054 2143 hune
1079 2069 1303 2160 mundum,

221 2172 498 2270 rejudicem
537 2173 761 2267 mundum,
789 2173 869 2247 sed
896 2181 944 2248 ut
970 2175 1147 2249 salvem
1186 2195 1304 2246 mun*

166 2305 168 2310 ¹
220 2275 332 2350 dum.
358 2277 406 2350 111
422 2284 462 2349 ut
478 2279 694 2372 ostenderet,
712 2301 815 2351 omne
829 2277 1002 2376 judicium
1019 2279 1064 2352 ad
1082 2277 1198 2375 ipsum
1225 2300 1306 2374 per-

221 2379 347 2472 tinere,
377 2381 465 2454 liaeo
497 2382 620 2457 docet:
653 2381 741 2470 Qui
777 2406 865 2455 non
909 2381 1117 2481 suscipit
1159 2381 1306 2454 verba

221 2505 336 2579 mea,
362 2487 574 2578 verbum,
601 2486 727 2582 quod
749 2485 937 2560 locutus
977 2509 1091 2580 sum,
1122 2506 1219 2558 eum
1239 2485 1306 2580 ju-

219 2587 362 2662 dicat.

326 2689 772 2782 Quandovidebitis
800 2693 985 2790 signum
1011 2693 1306 2768 terrorisde*

224 2791 481 2870 solationis
508 2797 609 2894 ejus
627 2793 920 2892 (1111112115).
946 2797 1063 2886 Quum
1094 2799 1180 2871 urbs
1205 2797 1305 2869 Ierua

223 2899 335 2972 salem
361 2899 502 2998 saepius
529 2901 657 2996 diruta,
684 2900 748 2973 sed
773 2901 904 2978 iterum
929 2901 1111 2974 aedificata
1140 2907 1214 2992 est,
1240 2899 1307 2972 hoc

224 3001 302 3076 loco
328 3003 501 3077 Dominus
518 3005 562 3078 de
589 3003 736 3078 interitu
762 3005 868 3102 pleno
887 3004 1075 3078 dirutionis
1102 3004 1179 3100 ejus
1205 3009 1241 3075 et
1257 3002 1302 3075 de

222 3107 467 3202 ¹profanatione
485 3108 676 3180 sanctuarii
690 3109 766 3206 ejus
785 3109 951 3207 loquutus
969 3116 1035 3203 est,
1049 3108 1215 3206 quoniam
1228 3115 1309 3204 post

224 3208 292 3283 hac
309 3210 374 3284 illa
390 3212 428 3284 in
452 3235 517 3284 suo
544 3212 690 3286 interitu
716 3217 883 3308 manebit,
901 3215 923 3287 i.
943 3237 972 3286 e.
997 3213 1165 3288 oblivioni
1190 3212 1307 3284 trade-

225 3319 294 3388 tur.
321 3315 474 3390 Romaui
491 3315 586 3389 intra
603 3317 776 3414 templum
793 3317 928 3391 vexilla
951 3341 1015 3390 sua
1041 3322 1251 3410 statuerunt,
1268 3315 1307 3389 iu

225 3418 355 3516 quibus
381 3426 459 3494 eret
484 3420 599 3517 figure
624 3421 774 3518 equuleo,
791 3428 831 3495 ut
849 3429 884 3494 et
901 3422 1033 3496 dictum
1051 3429 1128 3494 est:
1158 3443 1172 3479 α
1191 3419 1307 3517 Super

227 3523 295 3596 alis
310 3523 545 3598 immunditiei
569 3531 606 3598 et
634 3525 842 3622 perditionis
860 3566 875 3600 a
892 3525 917 3600 ²².
945 3525 1136 3622 Signum
1163 3531 1308 3598 terro-

227 3627 294 3700 ris
334 3627 655 3702 desolationis
695 3630 812 3728 ejus,
852 3654 966 3726 quae
1007 3631 1136 3704 diota
1174 3635 1245 3700 est
1285 3652 1306 3700 a

228 3729 427 3803 Daniele
454 3733 692 3829 propheta.
723 3757 737 3792 u
754 3734 831 3808 Alii
847 3734 979 3830 dicunt,
998 3735 1137 3830 signum
1161 3732 1308 3806 dirutio-

228 3831 285 3908 nis
302 3835 378 3933 ejus
395 3834 515 3929 fuisse,
529 3836 621 3932 quod
639 3836 792 3911 Romani
810 3846 915 3936 caput
932 3839 1030 3936 porci
1051 3838 1307 3938 apportandum

227 4175 231 4215 ἶ
307 4093 588 4236 1.]1111111111111
607 4179 740 4257 conjicit,
755 4183 942 4258 prosnovi„
961 4184 1120 4260 legendum
1145 4202 1213 4242 esse
1232 4153 1304 4260 “rjai

231 4253 346 4327 dieo„
369 4273 439 4313 uam
463 4255 538 4316 haec
562 4259 657 4316 verba
679 4259 710 4318 iu
730 4255 913 4322 Armeniaeo
939 4263 1089 4324 simillima
1111 4269 1200 4338 suut,
1221 4269 1252 4322 et
1274 4265 1305 4323 in
1422 4269 1429 4342 Ἰ

231 4335 312 4395 nullo
327 4337 418 4393 textu
430 4334 589 4410 Evangelii
601 4337 732 4400 habetur
750 4356 762 4387 a
775 4341 847 4400 nori
859 4371 884 4403 a·
986 4409 987 4412 ,

310 4415 338 4472 3.
359 4413 442 4470 Ionn.
457 4415 485 4488 5,
499 4417 547 4473 22.

309 4495 338 4552 4·
359 4492 435 4552 DAN·
450 4496 478 4570 9,
492 4496 538 4554 27.
