3330 5200
380 361 424 430 92

378 489 492 564 tribus
519 491 720 565 nominibus
748 489 944 562 divinitatis
971 513 1093 563 omnes
1121 498 1246 587 gentes
1273 495 1465 586 quaesunt

380 594 515 668 familia
533 596 676 688 A'dami,
695 595 921 690 expiabunt?
1400 667 1402 670 .

481 699 534 772 In
564 721 887 797 quamcunque
922 699 1102 772 domurn
1138 697 1463 792 intraveritis,

380 800 579 896 primum
607 803 823 876 salutate
852 803 1038 895 domum,
1065 811 1106 876 ut
1124 802 1297 874 Dominus
1315 801 1391 900 ipse
1411 802 1465 873 in-

377 913 450 982 tret
465 913 500 978 et
513 907 551 979 in
565 930 608 980 ea
621 909 835 1001 diversetur,
850 906 953 978 sicuti
967 909 1062 1002 apud
1072 907 1224 980 Mariam
1237 907 1248 952 ¹
1264 907 1466 979 diversatus

382 1016 447 1104 cst,
467 1016 503 1082 et
520 1018 605 1084 tuno
622 1011 677 1084 illi
691 1035 762 1106 qua
775 1009 941 1108 discipuli
955 1011 1032 1106 ejus
1049 1009 1099 1083 ibi
1111 1011 1345 1106 hospitentur.
1365 1011 1467 1083 Haec

380 1114 549 1186 salutatio
568 1116 779 1211 mysterium
798 1123 853 1186 est
871 1113 954 1186 fidei
972 1115 1048 1212 ejus
1065 1115 1104 1187 in
1120 1122 1228 1203 terra,
1243 1138 1314 1209 qna
1327 1124 1465 1188 coerce-

379 1225 439 1291 tur
458 1218 644 1292 inimicitia
658 1218 684 1312 ²,
703 1218 838 1293 bellum
853 1219 1099 1314 compescitur,
1125 1219 1286 1291 homines
1314 1219 1466 1293 invicem

287 1323 290 1332 “
380 1345 418 1394 se
437 1331 645 1416 agnoscunt.
667 1323 779 1421 Cujus
799 1323 1023 1395 salutationis
1051 1324 1197 1395 effectus
1214 1322 1392 1396 velamine
1412 1345 1468 1396 er·

379 1427 472 1499 roris
490 1432 606 1500 tectus
625 1435 714 1520 crat,
732 1427 816 1499 licet
837 1429 913 1524 jam
931 1425 1032 1523 prius
1050 1427 1261 1524 mysterium
1288 1450 1468 1500 resurrec-

380 1529 486 1602 tionis
505 1530 753 1605 mortuorum³
773 1538 869 1604 essct
890 1531 1180 1627 praefiguratum,
1208 1531 1308 1628 cujus
1327 1538 1363 1602 et
1380 1532 1468 1603 ima-

381 1635 501 1728 ginem
520 1657 578 1707 res
597 1636 812 1708 inanimatae
832 1634 1031 1726 efformant,
1059 1659 1168 1730 quum
1185 1635 1251 1707 lux
1269 1634 1414 1707 advenit
1432 1642 1469 1706 ct

380 1759 510 1810 aurora
527 1749 666 1813 noctem
685 1740 873 1836 expellens
891 1745 1049 1835 apparet.
1062 1739 1205 1810 Exinde
1223 1745 1343 1810 autem
1355 1739 1468 1812 homi-

379 1865 444 1913 nes
463 1841 530 1914 sibi
548 1843 699 1916 invicem
714 1843 864 1916 salutem
878 1842 994 1915 dicere
1009 1850 1046 1913 et
1059 1843 1190 1914 dictam
1204 1843 1369 1940 excipere
1389 1866 1467 1914 coe-

380 1952 523 2041 perunt,
541 1953 582 2018 ut
606 1949 694 2021 haec
719 1948 926 2044 imprecatio
953 1945 1128 2019 dicentem
1156 1954 1300 2020 sanaret
1318 1953 1354 2018 et
1372 1947 1468 2020 exci-

380 2049 494 2145 pienti
510 2051 791 2124 bcnedictioncm
811 2051 965 2124 afferret.
980 2049 1050 2138 Qui
1069 2057 1187 2123 autem
1203 2053 1314 2123 verba
1330 2057 1468 2124 tautum

378 2153 726 2252 hujussalutationis
745 2156 933 2252 accipiunt,
961 2177 1027 2225 nec
1054 2179 1196 2228 sensum
1216 2178 1339 2228 eorum
1356 2179 1467 2228 mem-

378 2259 455 2330 bris
475 2257 549 2330 suis
567 2257 781 2354 impressum
798 2261 942 2352 habent,
970 2282 1077 2354 super
1097 2260 1162 2331 hos
1186 2259 1289 2354 qnasi
1305 2257 1370 2331 lux
1401 2260 1468 2332 dif-

380 2361 541 2434 funditur
560 2369 596 2434 ct
614 2366 658 2437 ab
677 2363 727 2436 eis
745 2370 979 2460 permutatur,
1004 2363 1094 2434 sicut
1111 2362 1204 2435 radii
1223 2363 1309 2435 solis
1323 2387 1345 2434 a
1357 2370 1465 2437 terra.

483 2465 585 2538 Haec
611 2474 667 2540 est
696 2467 872 2561 salutatio,
900 2489 990 2564 quae
1016 2466 1222 2563 praedicata
1240 2474 1295 2539 est
1311 2468 1466 2562 nomine,

381 2571 589 2643 abscondita
613 2571 756 2665 virtute,
783 2571 961 2668 explicata
987 2594 1051 2666 per
1079 2571 1275 2662 scientiam,
1303 2572 1467 2644 ordinata

379 2697 445 2770 per
457 2675 678 2771 mysterium,
693 2682 728 2746 et
742 2675 903 2748 omnibus
916 2675 1118 2749 hominibus
1132 2676 1274 2748 omnino
1290 2676 1469 2750 sufficiens

380 2785 445 2850 cst.
460 2778 687 2876 Quapropter
701 2803 722 2850 a
738 2779 889 2851 Domino
903 2779 1006 2875 quasi
1019 2803 1230 2876 praecursor
1249 2802 1329 2852 cum
1360 2780 1469 2853 disci-

382 2883 478 2977 pulis
496 2883 606 2957 missa
623 2889 688 2976 est,
702 2889 743 2955 ut
760 2905 883 2979 paoem
911 2883 1044 2956 faceret
1062 2891 1099 2956 et
1115 2884 1211 2957 viam
1238 2891 1319 2956 ante
1342 2883 1470 2956 faciem

382 3009 506 3058 eorum
523 2995 678 3083 pararet,
697 2987 782 3060 dum
800 2987 952 3060 celerem
970 3010 1093 3059 vocem
1120 2986 1291 3062 induebat
1316 2990 1470 3085 Aposto-

381 3089 509 3183 lorum,
528 3092 590 3187 qui
607 3091 721 3164 coloni
744 3092 819 3190 ejus
839 3101 952 3164 crant.
978 3093 1078 3164 Haec
1097 3092 1262 3164 salutatio
1288 3091 1326 3164 in
1344 3093 1470 3188 quavis

382 3193 486 3266 domo
505 3195 757 3291 seminabatur,
783 3203 824 3269 ut
851 3198 1011 3271 membra
1032 3195 1109 3292 ejus
1129 3203 1314 3292 separaret
1331 3205 1367 3269 et
1385 3196 1469 3270 diri-

384 3305 510 3392 meret,
529 3299 615 3371 etin
633 3323 756 3371 omnes
774 3301 953 3374 auditores
971 3297 1139 3394 intrabat,
1157 3306 1198 3373 ut
1215 3299 1308 3372 filios
1327 3301 1394 3374 sibi
1412 3324 1468 3374 co·

383 3400 758 3496 gnatoslsecerneret,
768 3404 1152 3498 segregarentetineis
1163 3411 1398 3502 permaneret,
1410 3429 1470 3477 eos

383 3512 514 3599 autem,
533 3506 594 3600 qui
613 3507 774 3579 diversae
789 3506 918 3579 indolis
933 3513 1045 3599 erant,
1058 3510 1177 3604 palam
1194 3508 1327 3582 faceret
1341 3515 1471 3607 etpost

383 3609 653 3682 seminationem
670 3612 714 3683 ab
733 3609 784 3683 eis
801 3610 981 3684 transiret.
1000 3612 1100 3685 Haec
1119 3614 1295 3706 salutatio,
1312 3637 1357 3686 ex
1371 3617 1468 3710 Apo-

384 3713 485 3787 stolis
506 3714 666 3808 effluens,
689 3713 727 3786 in
743 3715 912 3788 fratribus
930 3738 1053 3788 eorum
1074 3741 1145 3788 non
1164 3719 1316 3815 exaruit,
1343 3726 1384 3790 nt
1409 3741 1471 3814 pa·

384 3817 533 3913 tefieret,
547 3819 755 3892 thesaurum
764 3819 918 3914 Domini,
932 3819 994 3916 qui
1012 3843 1090 3892 eam
1103 3821 1210 3914 misit,
1224 3846 1296 3894 non
1309 3823 1470 3896 deficere.

384 3923 461 3994 Nec
478 3929 681 4020 permutata
699 3929 753 3995 est
770 3923 809 3998 in
826 3923 904 3998 istis
923 3923 996 3996 suis
1015 3925 1258 4022 acceptoribus
1286 3933 1327 3998 ut
1353 3934 1471 3999 conte-

467 4161 493 4218 1.
514 4159 642 4217 Mariam
657 4175 795 4217 sororem
810 4158 919 4217 Lazari
931 4159 962 4216 h.
976 4159 996 4216 l.
1009 4157 1156 4236 intelligo.

463 4239 492 4295 2.
514 4239 564 4296 Ita
578 4253 618 4296 ex
633 4235 700 4296 cod.
714 4238 749 4295 B.
764 4238 800 4296 In
816 4239 882 4296 cod.
897 4239 925 4296 Α
943 4237 1108 4296 sinimicus
1122 4269 1148 4300 ῃ.

463 4319 492 4374 3.
512 4316 714 4375 Resurrectio
730 4321 917 4376 mortuorum
933 4318 962 4375 h.
977 4317 996 4375 l.
1009 4331 1065 4392 pro
1081 4319 1146 4378 toto
1170 4334 1263 4396 opere
1288 4317 1410 4378 divinae
1423 4335 1471 4377 ra·

388 4395 581 4534 domppicpids,
596 4397 684 4532 cujbus
697 4395 813 4533 finisfflct
828 4396 1044 4534 qpasilccrona
1058 4401 1115 4472 est,
1129 4397 1230 4474 posita
1244 4398 1375 4456 videtur.

489 4517 496 4534 .
581 4493 636 4534 ver
659 4490 709 4533 um
725 4504 742 4532 a
787 4493 833 4534 ros
860 4494 919 4534 ann
933 4493 981 4533 rae
995 4493 1108 4539 suaet.
