3344 5200
1264 339 1331 412 197

235 474 372 542 storum
389 465 549 542 occidere
567 469 819 564 quaerebant?
838 469 1186 544 samaritanum
1212 471 1332 539 autem

234 570 427 643 Dominum
446 579 629 662 vocarunt,
644 574 729 667 quia
747 572 963 646 Samaritani
982 573 1026 644 de
1046 596 1083 644 se
1103 569 1191 667 ipsis
1210 576 1335 642 contra

181 772 182 775 Ἴ
235 674 393 746 Judaeos
427 673 639 750 affirmant:
676 677 752 748 Nos
779 697 903 748 sumus
930 675 996 746 filii
1022 677 1202 766 Abrahae,
1229 679 1269 744 ut
1295 679 1332 746 et

235 777 367 851 Judaei
385 783 508 852 contra
534 801 594 850 eos
621 777 716 850 idem
734 777 778 848 de
798 801 836 850 se
859 777 1088 850 contendunt.
1117 777 1235 866 Quum
1255 776 1332 870 jam

236 879 411 954 Dominus
429 880 473 954 ad
491 880 516 952 J
516 881 649 953 udaeos
668 879 843 956 dixisset:
866 880 935 952 «si
951 880 1017 954 filii
1042 879 1131 953 catis
1151 879 1331 968 Abrahae,

237 982 345 1056 etiam
370 1005 480 1078 opera
506 983 582 1079 eJ'us
608 983 692 1055 facit
678 991 713 1054 te
731 1023 760 1076 a,
788 982 937 1057 Judaeis
963 983 1079 1056 visum
1109 987 1165 1054 est
1176 1037 1184 1074 ,
1211 986 1293 1077 part
1294 1003 1333 1054 es

234 1085 390 1160 Samarit
376 1091 541 1160 tanarum
567 1087 682 1162 hoc
652 1109 728 1184 eJus
750 1087 938 1162 verbumt
939 1086 1028 1179 ueri,
1055 1086 1135 1158 ideo
1163 1083 1334 1159 dixerunt

238 1189 406 1264 adeum:
426 1189 633 1264 Samarit
618 1197 757 1263 tanus
784 1212 832 1262 es
860 1195 917 1262 tu.

344 1291 584 1370 Abraham
643 1291 943 1365 desideravit
995 1260 1163 1364 ridere
1212 1289 1334 1366 diem

239 1417 400 1490 meum,
427 1393 623 1468 v1d1te
607 1395 956 1490 tgavisusest
988 1393 1102 1482 Quem
1135 1391 1259 1466 diem
1286 1391 1335 1464 Il-

240 1497 326 1592 lum,
345 1499 388 1570 de
407 1521 477 1594 quo
496 1520 529 1568 er
519 1497 676 1570 dictum
695 1506 768 1572 est:
791 1498 867 1569 “In
885 1497 1019 1570 semine
1043 1504 1105 1568 tuo
1125 1494 1337 1570 benedicen-

239 1606 303 1674 tur
322 1624 446 1674 omnes
465 1607 591 1695 gentes
608 1639 625 1675 ι
646 1599 669 1672 '.
687 1601 789 1674 Vidit
806 1608 925 1674 autem
944 1605 980 1672 et
997 1599 1143 1694 gavisus
1167 1605 1233 1691 est,
1252 1598 1337 1694 quia

241 1705 341 1778 novit
357 1703 568 1800 mysterium
599 1704 695 1798 agni,
715 1703 948 1778 salvationem
968 1703 1136 1776 omnium
1163 1701 1335 1797 gentium.

173 1851 177 1857 -
242 1805 574 1904 Quinquagint
585 1829 897 1880 aannosnon
935 1805 1163 1922 habes,et
1148 1805 1335 1878 tAbra

242 1911 343 1984 ham
385 1909 538 1984 vidiat
548 1909 591 1980 i?
635 1909 905 2006 Respondit
946 1909 1038 1982 eia:
1071 1912 1338 2004 Antequam

245 2012 480 2090 Abraham
521 2021 626 2086 erat
628 2036 752 2108 ,ego
786 2014 880 2108 jam
919 2011 997 2086 fui.
1038 2010 1132 2099 Quia
1172 2009 1339 2083 Christus
1400 2071 1402 2075 .

245 2116 323 2188 exis
325 2118 490 2208 chatet
493 2097 612 2208 ,licet
639 2115 825 2189 abscondit
811 2122 879 2207 tus,
908 2115 1043 2208 aderat,
1063 2113 1223 2232 ..quando
1237 2112 1340 2184 Isaac

243 2241 308 2316 per
334 2243 466 2314 agnum
493 2171 530 2290 in
558 2219 633 2292 vita
658 2225 777 2292 servat
778 2242 820 2290 us
848 2225 902 2290 est
889 2217 1070 2312 t,ideo
1060 2241 1097 2288 m
1125 2239 1166 2288 eo
1195 2215 1338 2310 signum

239 2339 346 2394 suum
365 2321 587 2394 monstrarit.
605 2321 652 2396 nt
671 2344 794 2394 semen
814 2320 965 2417 ejusqui
983 2343 1049 2416 per
1067 2343 1199 2416 agnum
1220 2317 1337 2390 salva·

243 2424 361 2516 batur,
374 2449 484 2519 quum
502 2424 539 2496 in
550 2423 784 2520 Aegyptum²
803 2420 1059 2515 descendisset,
1072 2432 1109 2494 et
1125 2422 1233 2516 longo
1249 2427 1338 2491 tem-

243 2549 329 2624 pore
344 2527 395 2600 ibi
411 2527 549 2618 fuisset,
568 2527 701 2620 abillo,
719 2526 780 2622 qui
798 2526 836 2598 in
862 2525 1157 2622 praecedentibus
1186 2522 1338 2597 saeculis

244 2631 310 2704 sub
328 2629 431 2704 Isaac
448 2629 769 2726 praefigurabatur,
789 2629 914 2702 eadem
934 2628 1019 2724 agni
1037 2627 1193 2721 imagine
1210 2626 1340 2700 libera-

244 2737 320 2806 tum
347 2739 411 2808 est.
431 2733 489 2808 Ex
515 2732 579 2804 nlo
607 2739 767 2828 tempore
794 2731 1026 2805 immolabant
1055 2729 1187 2804 multos
1215 2751 1339 2824 agnos,

244 2833 356 2909 donec
373 2859 481 2910 verus
501 2858 616 2930 agnus
635 2835 849 2908 advenisset.
868 2835 1007 2907 Etcum
1027 2836 1180 2908 Ioannes
1195 2832 1240 2904 ad
1258 2853 1341 2902 eum

243 2939 440 3032 accederet,
467 2937 724 3035 proclamavit:
746 2938 871 3010 “Ecce
899 2961 1013 3032 agnus
1042 2936 1111 3010 Dei
1129 2975 1157 3010 ι.
1184 2937 1233 3008 Ει
1258 2931 1342 3028 quia

243 3065 360 3136 agnus
378 3066 486 3114 verus
505 3046 664 3133 venerat,
684 3041 769 3137 agni
799 3045 995 3132 cessarunt,
1013 3039 1075 3136 qui
1092 3043 1231 3113 tantum
1253 3036 1341 3108 ima-

245 3143 348 3239 gines
366 3146 443 3242 eJ'us
463 3151 575 3218 erant.

228 3318 236 3328 ,
292 3255 295 3260 ’
347 3247 442 3338 Quia
480 3272 561 3320 eum
605 3246 920 3343 blasphemarunt,
957 3245 1124 3341 quoniam
1173 3243 1338 3316 dixerat:
1444 3272 1451 3282 ·

250 3351 486 3446 “Antequam
516 3349 700 3424 Abraham
728 3349 848 3442 ficret,
867 3372 943 3444 ego
969 3373 1070 3442 sum,
1093 3353 1129 3420 et
1156 3369 1265 3442 quum
1290 3345 1342 3418 A·

248 3453 396 3526 braham
414 3453 571 3528 nondum
591 3465 697 3546 esset,
716 3476 782 3550 ego
811 3476 908 3524 cram
926 3491 955 3546 a,
982 3451 1170 3526 obvium
1198 3471 1245 3520 se
1281 3447 1341 3519 fe·-

249 3555 314 3628 cit
341 3579 479 3630 caeco
508 3580 562 3629 ex
599 3562 735 3630 utero
762 3555 948 3630 matris.
988 3556 1045 3628 ut
1071 3554 1340 3644 interroga-

248 3665 420 3731 verunt
459 3683 556 3730 eum
597 3658 859 3754 discipuli:
888 3657 1034 3754 Cujus
1070 3665 1142 3729 est
1181 3671 1340 3750 pecca·

248 3761 446 3832 tumtur
430 3762 727 3877 trespoudit
754 3761 846 3834 eis.
873 3760 1343 3876 Nechujus,neoco-

253 3868 505 3958 gnatorum
533 3864 647 3958 ejus,
676 3863 756 3936 sed
781 3871 831 3934 nt
856 3863 1079 4037 rortelent
1064 3871 1140 3936 tur
1175 3861 1221 3932 in
1248 3859 1343 3932 isto

252 3989 398 4062 opera
436 3965 532 4038 Dei
574 3965 631 4038 Et
616 3972 916 4140 tmeoporte
928 3965 1161 4062 toperari
1201 3985 1344 4060 opera

254 4067 341 4143 Pat
325 4065 419 4147 tris
438 4068 558 4164 mei,
586 4067 663 4166 qui
703 4067 834 4142 misit
872 4091 961 4162 me,
988 4065 1207 4164 quamdiu
1240 4065 1343 4136 dies

330 4330 356 4384 1.
380 4329 454 4388 Gur.
475 4333 524 4404 22,
541 4333 587 4390 18.

329 4408 357 4462 2.
380 4407 429 4501 Ita
443 4410 523 4470 verti
537 4428 577 4469 ex
595 4413 786 4474 correctione
802 4413 868 4476 cod.
884 4417 918 4475 B.
