3330 5200
24 113 26 118 ι
231 78 242 105 ι’

1199 381 1266 456 107

192 518 343 608 101110
361 509 399 584 in
415 533 527 607 regno
545 508 686 608 quidem
703 507 881 584 0001011111
897 491 1028 586 Ioanne
1055 533 1133 586 asse
1159 512 1268 608 majo·

190 641 276 711 rem,
289 616 370 690 ideo
383 639 459 688 rem
473 615 628 690 hocloco
644 614 846 712 Scripturas
860 615 912 688 eis
927 616 1128 714 explicavit,
1144 639 1226 688 1011
1237 614 1269 688 01

190 743 269 794 enm
286 719 466 817 prioribus
484 720 651 816 majorem
664 719 858 816 praedicas,
872 720 954 817 quia
970 744 1050 792 eum
1063 717 1269 816 baptizavit,

189 821 391 897 novissimis
409 847 547 922 quoquc
564 825 675 922 major
693 829 756 895 est.
774 823 822 896 nt
839 823 870 894 si
887 823 1141 919 magnitudine,
1162 847 1269 920 quam

98 995 103 1005 ,
188 927 226 1000 11
243 928 310 1000 hoc
324 927 456 1000 mundo
473 927 590 1020 habet,
609 928 646 1000 in
663 925 725 998 illo
743 950 880 1023 quoque
897 951 1047 1023 magnus
1065 934 1130 1020 eat,
1157 949 1267 1024 quare

188 1031 400 1126 magnitudo
417 1031 561 1104 Ioannis
574 1030 732 1104 revelata
744 1029 824 1103 est?
842 1032 903 1103 An
920 1030 1067 1104 forsitan
1083 1031 1196 1126 major
1215 1037 1270 1103 est

187 1157 318 1208 corona
342 1135 457 1208 crucis
473 1133 516 1204 ¹?
552 1135 614 1206 sed
640 1134 678 1205 in
703 1133 766 1205 illo
791 1135 933 1227 mundo,
955 1157 1040 1208 num
1066 1135 1104 1206 in
1129 1156 1269 1208 crucem

188 1237 418 1312 ascendunt?
445 1239 611 1312 Scrutare
637 1243 673 1309 at
688 1237 848 1334 inquire,
879 1238 924 1310 ad
951 1239 1036 1334 quid
1060 1238 1268 1334 magnitudo

188 1342 347 1438 Ioannis,
374 1365 478 1439 quam
495 1341 668 1414 Dominus
687 1342 720 1413 ei
736 1341 909 1434 attribuit,
936 1341 1094 1415 revelata
1120 1342 1165 1414 sit
1178 1342 1206 1436 ²,
1233 1348 1270 1415 et

181 1446 295 1542 janua
312 1446 442 1518 mentis
461 1452 541 1518 tuae
561 1443 740 1542 aperietur
757 1453 793 1517 et
805 1445 997 1542 intelliges,
1016 1467 1096 1518 eum
1114 1447 1158 1518 de
1176 1445 1269 1520 rela-

189 1550 284 1622 tione
303 1549 485 1624 electionis
502 1550 547 1622 ad
564 1549 764 1623 libertatem
780 1548 964 1644 loquutum
982 1572 1070 1622 esse.
1097 1548 1269 1638 Quamvis

186 1655 339 1728 Ioannes
365 1653 597 1748 utmagnus,
624 1653 707 1749 quia
750 1653 893 1748 clectus,
921 1660 1041 1725 tamen
1080 1675 1121 1724 οο
1155 1653 1269 1750 major

187 1765 253 1851 est,
272 1759 334 1854 qui
350 1758 432 1857 plus
450 1780 492 1828 eo
513 1756 661 1829 laborat.
689 1756 766 1844 Quo
784 1757 895 1851 major
914 1763 968 1828 est
993 1757 1145 1829 Ioannes
1169 1766 1269 1830 ante-

186 1863 396 1956 cessoribus,
410 1883 450 1932 ec
461 1867 497 1932 01
505 1861 615 1958 major
630 1865 684 1932 est
694 1860 921 1956 sequentibus
932 1885 940 1954 ;
951 1859 1013 1932 sed
1028 1859 1079 1932 cis
1090 1861 1268 1957 sequenti-

186 1967 253 2038 bus
266 1964 366 2063 ⁵,qui
374 1988 438 2062 per
458 1988 558 2036 suam
575 1964 778 2038 libertatem
794 1965 915 2059 magni
932 1971 1025 2058 sunt,
1043 1963 1080 2036 in
1097 1972 1268 2060 quantum

185 2070 321 2163 volunt,
335 2069 449 2142 minor
464 2075 527 2140 est.
545 2068 628 2140 Non
641 2066 805 2164 operibus
820 2068 893 2140 suis
904 2069 1057 2140 Ioannes
1073 2075 1127 2142 est
1140 2069 1267 2164 minor,

187 2175 250 2246 scd
266 2174 356 2246 hacc
373 2173 418 2245 ad
430 2171 650 2268 prophetiam
668 2171 784 2244 autad
797 2195 948 2267 regnum
967 2171 1103 2266 electio,
1121 2196 1211 2269 quae
1229 2173 1268 2247 in

185 2277 253 2350 hoc
269 2278 402 2350 mundo
419 2275 597 2349 hominem
622 2299 791 2370 magnum
816 2276 911 2367 lecit,
939 2275 1053 2350 minor
1071 2283 1136 2371 est,
1160 2301 1268 2374 quam

191 2381 316 2453 electio
343 2377 529 2472 libertatis,
564 2402 654 2475 quac
681 2402 762 2452 eum
787 2405 955 2475 magnum
986 2380 1069 2454 lecit
1093 2380 1131 2452 in
1156 2406 1268 2478 regno

188 2484 376 2558 coelorum.
402 2485 526 2557 Honor
550 2482 696 2580 propria
720 2482 903 2556 voluntate
935 2483 1039 2558 electi
1064 2486 1176 2581 major
1202 2492 1268 2581 est,

88 2659 93 2668 ,
187 2613 294 2685 quam
320 2589 397 2684 ejus
424 2586 485 2684 qui
510 2587 548 2658 in
573 2609 683 2682 regno
710 2585 826 2660 aliena
850 2587 1031 2661 voluntate
1049 2588 1185 2664 electus
1202 2597 1268 2664 est.

188 2693 275 2766 Ideo
302 2691 409 2764 dicit:
444 2691 588 2763 Amen
625 2690 727 2762 dico
765 2691 911 2786 vobis,
951 2693 1070 2789 quod
1106 2693 1268 2768 nullus

189 2797 428 2892 majorast
452 2794 624 2868 Ioanne
662 2793 791 2866 inter
829 2803 964 2868 natos
1005 2796 1267 2872 mulierum.

190 2899 273 2972 Non
289 2899 384 2995 quod
401 2898 567 2994 operibus
586 2895 688 2970 suist
714 2921 864 2994 magnus
881 2906 946 2993 cst,
972 2899 1056 2996 quia
1080 2901 1144 2974 illa
1164 2901 1268 2998 regni

188 3003 367 3076 coelorum
383 3001 587 3098 magnitudo
604 3024 751 3099 operum
768 3001 968 3078 1011110110
985 3003 1156 3078 factorum
1177 3029 1270 3080 mer-

190 3129 246 3181 ces
266 3113 331 3180 cst.
507 3179 509 3186 .

292 3210 485 3284 Auditcres
512 3232 594 3282 suos
621 3207 746 3281 anxios
773 3214 809 3280 et
834 3209 1079 3305 pusillamines
1097 3211 1270 3285 Dominus

191 3314 399 3387 confortavit
416 3314 557 3406 docens,
576 3335 696 3385 eorum
715 3311 921 3386 electionem
934 3315 1012 3412 ipsa
1025 3316 1270 3411 magnitudine

190 3418 333 3491 Ioannis
351 3442 429 3490 esse
447 3417 626 3514 majorem.
654 3415 823 3504 Quamvis
841 3417 1045 3514 ceteroquin
1078 3420 1272 3517 prudentes

191 3529 321 3615 essent,
338 3529 458 3594 tamen
474 3526 645 3619 putarunt
676 3521 783 3616 juxta
808 3521 1015 3595 electionem
1033 3546 1133 3596 suam
1151 3523 1189 3596 in
1206 3524 1274 3596 hac

192 3631 288 3698 terra
306 3649 404 3698 suam
422 3625 701 3722 magnitudinem
717 3624 755 3695 in
773 3625 886 3698 altera
901 3628 976 3700 vita
992 3627 1201 3723 mensurari,
1220 3627 1273 3700 di·

192 3735 324 3802 xerunt
342 3729 457 3802 anim:
478 3752 492 3786 ⁶⁴
511 3729 611 3822 Quis,
629 3734 744 3824 putas,
757 3730 868 3826 major
887 3731 954 3804 erit
971 3731 1009 3804 in
1027 3755 1137 3826 regno
1159 3729 1275 3804 coelo-

195 3833 351 3909 111110.
378 3833 492 3924 Quam
517 3835 560 3906 ob
586 3855 662 3906 rem
688 3833 831 3906 sustulit
857 3834 1078 3931 electionem,
1106 3857 1211 3932 quam
1232 3835 1270 3909 in

167 4137 174 4151 ,
273 4086 300 4138 1.
323 4097 337 4130 o
351 4081 461 4146 0111110
476 4100 625 4160 pronora
640 4081 823 4141 testamento
838 4083 970 4160 positum
984 4084 1115 4144 videtur.
1126 4082 1271 4141 (10101111

196 4156 274 4218 hunc
287 4160 388 4220 locum
401 4179 450 4220 me
463 4181 524 4221 non
537 4161 707 4236 intelligere
720 4160 830 4220 fateor.

272 4239 300 4296 2.
322 4240 371 4298 Ad
384 4243 511 4301 verbum
523 4242 590 4300 :Ad
604 4239 675 4317 quid
690 4240 730 4298 sit
741 4241 917 4316 magnitudo
932 4245 992 4302 cto.

272 4319 301 4377 3.
320 4320 388 4379 Ηο0
404 4319 588 4380 vocabulum
601 4321 633 4378 in
648 4319 714 4379 aod.
728 4320 754 4377 B
770 4317 866 4378 deest

274 4397 302 4454 4.
323 4397 425 4475 Opera
438 4401 467 4458 b.
481 4399 502 4459 1.
514 4398 649 4474 intellige
668 4399 806 4472 externa,
831 4399 1016 4478 baptismum
1029 4395 1142 4458 christi
1155 4395 1269 4474 010110,

159 4475 166 4496 “
196 4489 275 4550 qnae
289 4476 424 4538 Ioannes
438 4496 492 4556 par
506 4478 686 4538 electionem
700 4477 828 4556 accepit.
