3268 5220
314 329 384 400 '58

443 456 687 554 Discipuli
714 458 813 555 ejus
840 457 1151 554 baptizabant
1178 457 1280 552 (ioan
1299 457 1332 548 3,
1351 457 1423 550 22),

339 559 423 654 quia
447 560 517 656 ipsi
542 563 713 658 baptizati
739 569 861 656 erant,
888 562 966 635 fieri
992 562 1086 634 enim
1111 585 1183 633 non
1208 567 1358 658 poterat,
1384 567 1426 632 ut

339 662 428 739 alios
446 665 679 761 baptizarent,
696 665 767 738 nisi
783 666 853 762 ipsi
871 673 989 739 essent
1005 665 1186 762 baptizati,
1204 665 1298 760 quod
1316 663 1425 736 ethis

338 767 457 842 verbis
484 769 610 842 docet:
638 769 708 858 Qui
733 770 903 866 baptizati
922 777 1014 864 sunt,
1039 793 1111 840 non
1136 769 1236 840 deest
1253 769 1304 840 eis
1323 767 1425 863 quid-

341 893 448 966 quam
464 870 487 943 4.
516 873 625 968 Quae,
653 875 683 946 si
700 873 827 972 placet,
853 881 954 971 potes
980 873 1181 968 intelligere
1208 871 1252 942 dc
1271 895 1312 944 ec
1330 870 1426 967 quod

339 997 432 1070 aqua
448 977 619 1072 baptizati
636 985 736 1072 sunt,
756 1001 856 1050 secus
874 977 967 1071 audi,
994 977 1088 1073 quod
1106 975 1197 1048 dixit
1215 975 1285 1048 eis:
1316 999 1330 1032 o
1350 977 1426 1048 Vos

342 1078 466 1150 mundi
493 1081 579 1154 estis
605 1089 751 1178 propter
768 1085 918 1155 verbum
931 1106 1059 1174 meum,
1078 1081 1171 1176 quod
1188 1079 1326 1151 locutus
1346 1102 1426 1150 sum

339 1181 441 1254 vobis
455 1181 504 1257 θη.
524 1185 685 1258 Concede
705 1209 801 1282 ergo,
827 1187 975 1259 verbum
994 1184 1129 1257 Christi
1146 1185 1197 1255 eis
1213 1183 1322 1255 fuisse
1339 1185 1427 1278 bap-

340 1283 456 1380 tisma,
475 1312 583 1382 quum
600 1289 716 1386 ipsum
730 1289 907 1386 baptisma
920 1289 1042 1360 eodem
1055 1291 1163 1362 verbo
1179 1285 1427 1378 sanctificatur,

340 1387 432 1460 siout
449 1397 484 1461 et
501 1392 652 1466 Ioannes
665 1393 841 1487 mandato,
855 1393 949 1488 quod
961 1391 1106 1488 accepit,
1120 1388 1357 1464 sanctificatus
1372 1397 1428 1460 est

341 1497 377 1562 et
394 1493 623 1570 sanctificavit
635 1498 821 1594 baptisma,
840 1497 980 1592 quodsi
994 1495 1167 1569 creditum
1185 1501 1271 1567 erat.
1285 1494 1361 1568 Alii
1375 1492 1428 1563 di-¹

341 1603 435 1690 eunt,
454 1596 593 1693 quando
607 1596 734 1698 corpus
754 1625 857 1673 suum
875 1599 926 1672 eis
944 1601 1051 1693 dedit,
1069 1599 1107 1670 id
1125 1599 1176 1670 eis
1195 1599 1233 1670 in
1249 1597 1429 1694 baptisma

250 1767 252 1772 .
342 1697 461 1772 fuisse.
478 1701 659 1790 Quomodo
674 1704 768 1776 enim
785 1705 1025 1800 baptizassent
1038 1703 1097 1778 vel
1109 1703 1280 1798 baptizati
1299 1706 1429 1792 essent,

344 1801 415 1883 nisi
433 1805 537 1877 fidem
564 1807 602 1878 in
629 1831 756 1905 eorpus
775 1815 810 1880 et
832 1809 1040 1904 sanguinem
1069 1808 1144 1904 ejus
1169 1802 1428 1879 habuissent5?

342 1905 437 1980 Nam
450 1912 684 2006 praeveniens
698 1913 743 1984 ad
757 1935 816 1984 eos
835 1913 993 1984 dixerat:
1008 1933 1026 1968 s
1038 1911 1120 1984 Nisi
1132 1907 1430 1982 manducaveritis

343 2031 486 2085 carnem
500 2015 575 2110 ejus
590 2022 625 2087 et
638 2016 798 2090 biberitis
812 2017 1031 2112 sanguinem,
1045 2039 1116 2087 non
1129 2021 1183 2086 est
1195 2013 1296 2086 vobis
1312 2013 1387 2086 vita
1399 2053 1429 2106 a,

342 2119 379 2184 et
396 2141 504 2211 quum
521 2119 604 2190 irati
621 2127 894 2212 murmurarent,
908 2119 953 2192 ad
967 2118 1161 2190 Duodecim
1178 2117 1288 2188 dixit:
1305 2117 1430 2190 “Num

215 2213 219 2221 ’
247 2260 252 2269 ·
343 2223 379 2288 et
391 2243 455 2292 vos
468 2221 577 2293 vultis
591 2223 707 2298 abiri?
721 2263 736 2297 η
752 2224 800 2296 Et
817 2223 1000 2319 respondit
1018 2221 1052 2294 ei
1071 2221 1209 2296 Simon:
1232 2221 1335 2293 “Nos
1353 2243 1429 2292 ere-

343 2321 497 2396 didimus
512 2331 547 2396 et
561 2325 789 2422 cognorimus
803 2367 830 2401 η.
850 2327 1031 2416 Quomodo
1048 2327 1087 2398 hi
1105 2324 1341 2417 crediderunt,
1359 2323 1431 2396 nisi

342 2450 409 2522 per
427 2426 464 2499 id
482 2453 551 2524 quo
570 2437 606 2502 et
623 2431 732 2503 ceteri
749 2431 873 2503 Iudaei
893 2431 926 2502 ei
948 2430 1103 2525 credere,
1121 2430 1158 2502 id
1176 2437 1242 2524 est,
1269 2451 1350 2500 eum
1368 2451 1430 2499 au-

345 2529 423 2604 dire
442 2538 477 2604 et
494 2533 695 2630 intelligere
713 2535 921 2632 potuissent.

365 2709 367 2714 .
446 2636 568 2732 Elegit
584 2637 779 2728 iacobuml
797 2639 1033 2736 publicanum,
1060 2643 1100 2708 ut
1126 2636 1265 2710 animus
1283 2635 1430 2710 addere-

343 2743 403 2812 tur
421 2739 524 2813 sooiis
543 2741 629 2838 ejus,
648 2741 831 2816 Christum
849 2741 1029 2839 sequendi.
1056 2741 1158 2815 Vidit
1173 2747 1376 2838 peccatores
1395 2745 1431 2810 et

427 2921 455 2977 1.
476 2922 560 2979 Ioau.
577 2924 622 2995 13,
641 2925 685 2982 lo.

425 3002 454 3058 2.
475 3001 560 3058 Ioan.
584 3005 629 3074 15,
645 3008 672 3060 3.

429 3083 456 3136 3.
476 3081 526 3137 Ita
540 3099 579 3138 ex
594 3081 660 3140 cod.
670 3083 705 3140 Β.
721 3081 833 3140 Sensus
848 3095 916 3138 esse
930 3079 1069 3139 videtur:
1081 3079 1237 3156 Apostolis
1253 3097 1362 3154 eorpus
1378 3097 1430 3138 eu-

349 3158 545 3232 charisticum
556 3159 668 3217 Christi
679 3179 734 3236 pro
746 3161 896 3236 baptismo
909 3159 1005 3217 fuisse
1016 3159 1153 3218 nonnulli
1164 3159 1336 3235 opinantur,
1348 3159 1430 3235 quod

347 3255 388 3296 ex
407 3237 515 3295 intima
535 3240 750 3314 conjunctione
772 3239 914 3314 baptismi
932 3243 963 3296 et
978 3239 1181 3298 eucharistiae
1204 3237 1367 3296 deducunt.
1387 3239 1430 3299 Ut

350 3315 431 3374 enim
450 3315 490 3374 ad
511 3317 712 3390 symbolicum
733 3318 894 3394 baptisma,
916 3317 998 3394 quod
1017 3319 1161 3394 Apostoli
1180 3317 1265 3375 initio
1287 3318 1367 3374 sacri
1381 3317 1429 3375 sui

347 3394 482 3452 muneris
496 3396 687 3472 accipiebant
701 3401 732 3454 et
746 3398 869 3471 dabant,
883 3395 959 3454 fides
977 3397 1008 3454 in
1023 3396 1237 3454 eucharistiam
1251 3395 1429 3472 requireba-

348 3473 408 3545 tur,
422 3479 457 3530 ut
466 3477 551 3550 patet
562 3493 601 3532 ex
613 3475 716 3534 verbis
731 3475 853 3550 Christi,
865 3476 1069 3534 eucharistiae
1083 3475 1305 3533 institutionem
1317 3491 1353 3532 eo
1361 3477 1428 3552 jam

347 3555 485 3628 tempore
505 3555 709 3630 promittentis
731 3557 762 3613 et
781 3555 872 3613 fidem
891 3555 922 3612 in
942 3573 1010 3613 eam
1035 3571 1142 3614 serere
1163 3553 1358 3630 postulantis,
1388 3555 1432 3612 ita

347 3631 440 3690 etiam
454 3632 674 3710 accipiendum,
689 3635 769 3710 quod
782 3653 890 3693 rerum
905 3632 1056 3710 baptisma
1065 3634 1132 3710 ipsa
1144 3633 1349 3692 eucharistica
1363 3652 1429 3692 cor·

346 3711 430 3788 poris
444 3713 597 3788 susceptio
612 3713 786 3772 necessario
800 3713 1010 3790 praecederet,
1021 3714 1072 3771 vel
1086 3731 1153 3770 cum
1167 3731 1204 3770 eo
1220 3713 1328 3770 saltem
1336 3713 1427 3771 unico

347 3793 420 3848 actu
429 3791 621 3866 jungeretur.
641 3792 815 3851 Notandum
836 3811 860 3849 s.
880 3792 1084 3868 Ephraemum
1104 3792 1233 3851 aliorum
1254 3791 1427 3868 opinionem

347 3869 474 3928 referre.
489 3872 704 3930 Aucher'hunc
719 3872 819 3932 locum
833 3887 873 3928 ex
888 3871 954 3930 ced.
968 3871 996 3930 A
1010 3873 1053 3930 ita
1070 3871 1244 3930 transtulit:
1271 3886 1285 3916 a
1298 3871 1424 3927 Praete·

346 3965 402 4008 rea
415 3948 529 4022 dicunt,
550 3951 630 4025 quod
651 3969 742 4026 quum
763 3951 846 4009 dedit
861 3949 904 4008 eis
920 3968 1029 4027 corpus
1051 3969 1148 4020 suum,
1170 3947 1285 4008 factum
1304 3949 1428 4007 catillis

349 4028 520 4104 baptisma3
541 4029 682 4106 quoniam
696 4031 722 4088 si
736 4030 932 4107 baptizabant
945 4035 999 4087 aut
1018 4029 1261 4106 baptizabantur,
1283 4027 1354 4086 dum
1368 4047 1430 4087 non

350 4110 419 4168 crat
432 4126 500 4166 cnm
513 4108 571 4164 illis
585 4107 661 4166 fidas
677 4109 812 4185 corporis
835 4113 866 4166 et
887 4109 1044 4184 sanguinis
1060 4110 1087 4185 ej
1094 4127 1138 4182 us,
1159 4111 1194 4166 ut
1215 4107 1287 4184 quid
1302 4123 1431 4184 praeve·

349 4187 439 4244 niens
454 4187 532 4245 dixit
544 4187 605 4244 illis
617 4208 624 4246 ε
640 4187 671 4247 si
683 4207 745 4247 non
756 4187 983 4246 manducabitis
999 4191 1058 4245 etc.

429 4267 458 4324 4.
479 4267 516 4324 In
529 4272 659 4343 utroque
674 4267 778 4325 codice
792 4265 926 4326 Iacobus
946 4283 1001 4342 pro
1019 4265 1245 4326 “Matthaeuss
1268 4265 1298 4322 h.
1319 4263 1339 4321 l.
1360 4263 1435 4340 legi-

350 4347 411 4403 tur.
422 4344 583 4404 Aucherus
594 4347 690 4422 putat,
701 4346 858 4423 Iacobum,
865 4344 994 4423 Alphaei
1003 4343 1098 4405 filium
1109 4349 1141 4406 et
1150 4343 1278 4405 fratrem
1284 4343 1434 4408 Matthaei

352 4423 384 4482 b.
397 4424 418 4482 l.
432 4423 660 4500 intelligendum
674 4443 754 4488 esse.
