<?xml version="1.0" encoding="UTF-8"?>
<!DOCTYPE html PUBLIC "-//W3C//DTD XHTML 1.0 Transitional//EN"
    "http://www.w3.org/TR/xhtml1/DTD/xhtml1-transitional.dtd">
<html xmlns="http://www.w3.org/1999/xhtml" xml:lang="en" lang="en">
 <head>
  <title>
</title>
<meta http-equiv="Content-Type" content="text/html;charset=utf-8" />
  <meta name='ocr-system' content='tesseract 3.04.00' />
  <meta name='ocr-capabilities' content='ocr_page ocr_carea ocr_par ocr_line ocrx_word'/>
</head>
<body>
  <div class='ocr_page' id='page_1' title='image "./evangeliiconcor01msgoog_0302.png"; bbox 0 0 3344 5200; ppageno 0'>
   <div class='ocr_carea' id='block_1_1' title="bbox 1243 367 1342 479">
    <p class='ocr_par' dir='ltr' id='par_1_1' title="bbox 1243 367 1342 479">
     <span class='ocr_line' id='line_1_1' title="bbox 1243 367 1342 479; baseline -0.02 -36"><span class='ocrx_word' id='word_1_1' title='bbox 1243 367 1313 444; x_wconf 81' lang='lat' dir='ltr'><strong>aar</strong></span> <span class='ocrx_word' id='word_1_2' title='bbox 1340 475 1342 479; x_wconf 16' lang='grc' dir='ltr'>Ι</span> 
     </span>
    </p>
   </div>
   <div class='ocr_carea' id='block_1_2' title="bbox 224 489 1321 1000">
    <p class='ocr_par' dir='ltr' id='par_1_2' title="bbox 224 489 1321 1000">
     <span class='ocr_line' id='line_1_2' title="bbox 224 489 1321 591; baseline 0.004 -25"><span class='ocrx_word' id='word_1_3' title='bbox 224 494 327 591; x_wconf 79' lang='lat' dir='ltr'><strong>prius</strong></span> <span class='ocrx_word' id='word_1_4' title='bbox 360 511 482 569; x_wconf 86' lang='lat' dir='ltr'><strong>orcum</strong></span> <span class='ocrx_word' id='word_1_5' title='bbox 499 492 697 588; x_wconf 43' lang='lat' dir='ltr'><strong>&#39;ingressus</strong></span> <span class='ocrx_word' id='word_1_6' title='bbox 729 495 836 583; x_wconf 81' lang='lat' dir='ltr'><strong>esset,</strong></span> <span class='ocrx_word' id='word_1_7' title='bbox 853 489 957 586; x_wconf 62' lang='lat' dir='ltr'><strong>vquod</strong></span> <span class='ocrx_word' id='word_1_8' title='bbox 985 493 1023 566; x_wconf 84' lang='lat' dir='ltr'><strong>ot</strong></span> <span class='ocrx_word' id='word_1_9' title='bbox 1048 501 1321 590; x_wconf 68' lang='lat' dir='ltr'><strong>commeruerat,</strong></span> 
     </span>
     <span class='ocr_line' id='line_1_3' title="bbox 225 591 1317 684; baseline 0.001 -13"><span class='ocrx_word' id='word_1_10' title='bbox 225 603 430 672; x_wconf 73' lang='lat' dir='ltr'><strong>emicantes</strong></span> <span class='ocrx_word' id='word_1_11' title='bbox 447 596 497 669; x_wconf 91' lang='lat' dir='ltr'><strong>ibi</strong></span> <span class='ocrx_word' id='word_1_12' title='bbox 514 593 706 672; x_wconf 80' lang='lat' dir='ltr'><strong>mansisset</strong></span> <span class='ocrx_word' id='word_1_13' title='bbox 719 591 757 667; x_wconf 90' lang='lat' dir='ltr'><strong>in</strong></span> <span class='ocrx_word' id='word_1_14' title='bbox 775 599 958 670; x_wconf 86' lang='lat' dir='ltr'><strong>aeternum</strong></span> <span class='ocrx_word' id='word_1_15' title='bbox 972 595 995 666; x_wconf 84' lang='lat'><strong>¹.</strong></span> <span class='ocrx_word' id='word_1_16' title='bbox 1012 595 1317 684; x_wconf 79' lang='lat' dir='ltr'><strong>Quemadmodum</strong></span> 
     </span>
     <span class='ocr_line' id='line_1_4' title="bbox 225 695 1319 797; baseline 0.002 -23"><span class='ocrx_word' id='word_1_17' title='bbox 225 707 372 797; x_wconf 87' lang='lat' dir='ltr'><strong>propter</strong></span> <span class='ocrx_word' id='word_1_18' title='bbox 398 700 478 775; x_wconf 73' lang='lat' dir='ltr'><strong>Not</strong></span> <span class='ocrx_word' id='word_1_19' title='bbox 505 719 593 794; x_wconf 83' lang='lat' dir='ltr'><strong>erga</strong></span> <span class='ocrx_word' id='word_1_20' title='bbox 617 695 787 770; x_wconf 77' lang='lat' dir='ltr'><strong>familiam</strong></span> <span class='ocrx_word' id='word_1_21' title='bbox 816 697 904 792; x_wconf 87' lang='lat' dir='ltr'><strong>ejus,</strong></span> <span class='ocrx_word' id='word_1_22' title='bbox 922 703 968 772; x_wconf 84' lang='lat' dir='ltr'><strong>¹et</strong></span> <span class='ocrx_word' id='word_1_23' title='bbox 995 721 1086 793; x_wconf 80' lang='lat' dir='ltr'><strong>erga</strong></span> <span class='ocrx_word' id='word_1_24' title='bbox 1109 697 1201 772; x_wconf 83' lang='lat' dir='ltr'><strong>filias</strong></span> <span class='ocrx_word' id='word_1_25' title='bbox 1222 701 1319 778; x_wconf 88' lang='lat' dir='ltr'><strong>Loth</strong></span> 
     </span>
     <span class='ocr_line' id='line_1_5' title="bbox 224 798 1318 902; baseline 0.002 -26"><span class='ocrx_word' id='word_1_26' title='bbox 224 810 375 898; x_wconf 86' lang='lat' dir='ltr'><strong>propter</strong></span> <span class='ocrx_word' id='word_1_27' title='bbox 401 808 542 902; x_wconf 86' lang='lat' dir='ltr'><strong>patrem</strong></span> <span class='ocrx_word' id='word_1_28' title='bbox 575 823 699 875; x_wconf 87' lang='lat' dir='ltr'><strong>eorum</strong></span> <span class='ocrx_word' id='word_1_29' title='bbox 727 800 820 875; x_wconf 88' lang='lat' dir='ltr'><strong>bona</strong></span> <span class='ocrx_word' id='word_1_30' title='bbox 848 798 975 894; x_wconf 81' lang='lat' dir='ltr'><strong>fecisti,</strong></span> <span class='ocrx_word' id='word_1_31' title='bbox 1000 801 1054 874; x_wconf 86' lang='lat' dir='ltr'><strong>ita</strong></span> <span class='ocrx_word' id='word_1_32' title='bbox 1080 807 1117 874; x_wconf 89' lang='lat' dir='ltr'><strong>et</strong></span> <span class='ocrx_word' id='word_1_33' title='bbox 1147 805 1318 899; x_wconf 82' lang='lat' dir='ltr'><strong>oportuit,</strong></span> 
     </span>
     <span class='ocr_line' id='line_1_6' title="bbox 224 899 1317 1000; baseline 0.004 -22"><span class='ocrx_word' id='word_1_34' title='bbox 224 912 264 978; x_wconf 84' lang='lat' dir='ltr'><strong>ut</strong></span> <span class='ocrx_word' id='word_1_35' title='bbox 280 907 375 980; x_wconf 83' lang='lat' dir='ltr'><strong>Abel</strong></span> <span class='ocrx_word' id='word_1_36' title='bbox 393 904 615 982; x_wconf 88' lang='lat' dir='ltr'><strong>thuribulum</strong></span> <span class='ocrx_word' id='word_1_37' title='bbox 632 901 727 976; x_wconf 89' lang='lat' dir='ltr'><strong>initii</strong></span> <span class='ocrx_word' id='word_1_38' title='bbox 752 899 1008 997; x_wconf 77' lang='lat' dir='ltr'><strong>laudationum,</strong></span> <span class='ocrx_word' id='word_1_39' title='bbox 1025 927 1118 1000; x_wconf 88' lang='lat' dir='ltr'><strong>quae</strong></span> <span class='ocrx_word' id='word_1_40' title='bbox 1134 903 1172 978; x_wconf 92' lang='lat' dir='ltr'><strong>in</strong></span> <span class='ocrx_word' id='word_1_41' title='bbox 1197 928 1317 982; x_wconf 70' lang='lat' dir='ltr'><strong>reson</strong></span> 
     </span>
    </p>
   </div>
   <div class='ocr_carea' id='block_1_3' title="bbox 224 1004 1519 1108">
    <p class='ocr_par' dir='ltr' id='par_1_3' title="bbox 224 1004 1519 1108">
     <span class='ocr_line' id='line_1_7' title="bbox 224 1004 1519 1108; baseline 0.001 -28"><span class='ocrx_word' id='word_1_42' title='bbox 224 1008 413 1084; x_wconf 71' lang='lat' dir='ltr'><strong>rectione²</strong></span> <span class='ocrx_word' id='word_1_43' title='bbox 437 1015 655 1084; x_wconf 86' lang='lat' dir='ltr'><strong>mortuorum</strong></span> <span class='ocrx_word' id='word_1_44' title='bbox 674 1006 719 1078; x_wconf 92' lang='lat' dir='ltr'><strong>ad</strong></span> <span class='ocrx_word' id='word_1_45' title='bbox 741 1011 776 1076; x_wconf 92' lang='lat' dir='ltr'><strong>te</strong></span> <span class='ocrx_word' id='word_1_46' title='bbox 803 1004 1010 1099; x_wconf 87' lang='lat' dir='ltr'><strong>ascendunt,</strong></span> <span class='ocrx_word' id='word_1_47' title='bbox 1033 1009 1146 1100; x_wconf 74' lang='lat' dir='ltr'><strong>fieret,</strong></span> <span class='ocrx_word' id='word_1_48' title='bbox 1163 1031 1236 1082; x_wconf 91' lang='lat' dir='ltr'><strong>non</strong></span> <span class='ocrx_word' id='word_1_49' title='bbox 1254 1035 1316 1084; x_wconf 82' lang='lat' dir='ltr'><strong>au·</strong></span> <span class='ocrx_word' id='word_1_50' title='bbox 1423 1061 1427 1067; x_wconf 89' lang='lat'>-</span> <span class='ocrx_word' id='word_1_51' title='bbox 1513 1096 1519 1108; x_wconf 29' lang='grc' dir='ltr'>ι</span> 
     </span>
    </p>
   </div>
   <div class='ocr_carea' id='block_1_4' title="bbox 217 1106 1411 3375">
    <p class='ocr_par' dir='ltr' id='par_1_4' title="bbox 222 1106 1316 1619">
     <span class='ocr_line' id='line_1_8' title="bbox 223 1106 1315 1208; baseline -0.003 -20"><span class='ocrx_word' id='word_1_52' title='bbox 223 1117 298 1188; x_wconf 79' lang='lat' dir='ltr'><strong>tem</strong></span> <span class='ocrx_word' id='word_1_53' title='bbox 322 1111 453 1204; x_wconf 81' lang='lat' dir='ltr'><strong>Adam,</strong></span> <span class='ocrx_word' id='word_1_54' title='bbox 471 1111 533 1208; x_wconf 92' lang='lat' dir='ltr'><strong>qui</strong></span> <span class='ocrx_word' id='word_1_55' title='bbox 562 1107 717 1185; x_wconf 87' lang='lat' dir='ltr'><strong>demisso</strong></span> <span class='ocrx_word' id='word_1_56' title='bbox 744 1106 860 1204; x_wconf 84' lang='lat' dir='ltr'><strong>capite</strong></span> <span class='ocrx_word' id='word_1_57' title='bbox 889 1114 927 1184; x_wconf 88' lang='lat' dir='ltr'><strong>et</strong></span> <span class='ocrx_word' id='word_1_58' title='bbox 954 1109 1103 1183; x_wconf 79' lang='lat' dir='ltr'><strong>tristitia</strong></span> <span class='ocrx_word' id='word_1_59' title='bbox 1127 1110 1273 1186; x_wconf 85' lang='lat' dir='ltr'><strong>indutus</strong></span> <span class='ocrx_word' id='word_1_60' title='bbox 1287 1113 1315 1206; x_wconf 70' lang='lat'><strong>⁵,</strong></span> 
     </span>
     <span class='ocr_line' id='line_1_9' title="bbox 223 1209 1316 1312; baseline 0.005 -26"><span class='ocrx_word' id='word_1_61' title='bbox 223 1219 393 1312; x_wconf 84' lang='lat' dir='ltr'><strong>tanquam</strong></span> <span class='ocrx_word' id='word_1_62' title='bbox 419 1213 679 1312; x_wconf 85' lang='lat' dir='ltr'><strong>primogenitus</strong></span> <span class='ocrx_word' id='word_1_63' title='bbox 710 1209 841 1284; x_wconf 83' lang='lat' dir='ltr'><strong>inferni</strong></span> <span class='ocrx_word' id='word_1_64' title='bbox 867 1216 904 1284; x_wconf 89' lang='lat' dir='ltr'><strong>et</strong></span> <span class='ocrx_word' id='word_1_65' title='bbox 929 1219 1053 1286; x_wconf 87' lang='lat' dir='ltr'><strong>auctor</strong></span> <span class='ocrx_word' id='word_1_66' title='bbox 1088 1217 1316 1292; x_wconf 80' lang='lat' dir='ltr'><strong>tenebrarum</strong></span> 
     </span>
     <span class='ocr_line' id='line_1_10' title="bbox 222 1316 1129 1394; baseline -0.002 -2"><span class='ocrx_word' id='word_1_67' title='bbox 222 1316 399 1394; x_wconf 77' lang='lat' dir='ltr'><strong>adstaret:</strong></span> <span class='ocrx_word' id='word_1_68' title='bbox 947 1338 951 1348; x_wconf 65' lang='lat'><em>⁴</em></span> <span class='ocrx_word' id='word_1_69' title='bbox 1125 1365 1129 1375; x_wconf 77' lang='lat'><em>,</em></span> 
     </span>
     <span class='ocr_line' id='line_1_11' title="bbox 325 1413 1315 1516; baseline 0.003 -24"><span class='ocrx_word' id='word_1_70' title='bbox 325 1417 467 1508; x_wconf 86' lang='lat' dir='ltr'><strong>Quanto</strong></span> <span class='ocrx_word' id='word_1_71' title='bbox 483 1413 624 1516; x_wconf 61' lang='lat' dir='ltr'><strong>&#39;gaudio</strong></span> <span class='ocrx_word' id='word_1_72' title='bbox 650 1417 797 1492; x_wconf 83' lang='lat' dir='ltr'><strong>affectae</strong></span> <span class='ocrx_word' id='word_1_73' title='bbox 824 1422 909 1491; x_wconf 91' lang='lat' dir='ltr'><strong>sunt</strong></span> <span class='ocrx_word' id='word_1_74' title='bbox 943 1416 1193 1492; x_wconf 79' lang='lat' dir='ltr'><strong>miserationes</strong></span> <span class='ocrx_word' id='word_1_75' title='bbox 1221 1425 1315 1515; x_wconf 85' lang='lat' dir='ltr'><strong>tuae,</strong></span> 
     </span>
     <span class='ocr_line' id='line_1_12' title="bbox 222 1518 1255 1619; baseline -0.002 -23"><span class='ocrx_word' id='word_1_76' title='bbox 222 1544 331 1616; x_wconf 83' lang='lat' dir='ltr'><strong>quum</strong></span> <span class='ocrx_word' id='word_1_77' title='bbox 361 1523 579 1598; x_wconf 50' lang='lat' dir='ltr'><strong>&amp;versariis</strong></span> <span class='ocrx_word' id='word_1_78' title='bbox 610 1523 742 1596; x_wconf 88' lang='lat' dir='ltr'><strong>nostris</strong></span> <span class='ocrx_word' id='word_1_79' title='bbox 773 1520 874 1594; x_wconf 80' lang='lat' dir='ltr'><strong>irena</strong></span> <span class='ocrx_word' id='word_1_80' title='bbox 900 1518 1148 1614; x_wconf 79' lang='lat' dir='ltr'><strong>injicerentur!</strong></span> <span class='ocrx_word' id='word_1_81' title='bbox 1176 1521 1255 1619; x_wconf 90' lang='lat' dir='ltr'><strong>Idj</strong></span> 
     </span>
    </p>

    <p class='ocr_par' dir='ltr' id='par_1_5' title="bbox 217 1622 1411 3375">
     <span class='ocr_line' id='line_1_13' title="bbox 223 1622 1316 1722; baseline 0.004 -28"><span class='ocrx_word' id='word_1_82' title='bbox 223 1630 308 1698; x_wconf 89' lang='lat' dir='ltr'><strong>tuno</strong></span> <span class='ocrx_word' id='word_1_83' title='bbox 338 1626 458 1720; x_wconf 87' lang='lat' dir='ltr'><strong>fiebat,</strong></span> <span class='ocrx_word' id='word_1_84' title='bbox 476 1625 617 1722; x_wconf 84' lang='lat' dir='ltr'><strong>qnando</strong></span> <span class='ocrx_word' id='word_1_85' title='bbox 648 1622 854 1720; x_wconf 89' lang='lat' dir='ltr'><strong>poenitebat</strong></span> <span class='ocrx_word' id='word_1_86' title='bbox 879 1645 939 1696; x_wconf 89' lang='lat' dir='ltr'><strong>eor</strong></span> <span class='ocrx_word' id='word_1_87' title='bbox 966 1629 1066 1698; x_wconf 87' lang='lat' dir='ltr'><strong>tumn</strong></span> <span class='ocrx_word' id='word_1_88' title='bbox 1080 1623 1108 1718; x_wconf 80' lang='lat'><strong>¹¹,</strong></span> <span class='ocrx_word' id='word_1_89' title='bbox 1126 1625 1220 1719; x_wconf 91' lang='lat' dir='ltr'><strong>quod</strong></span> <span class='ocrx_word' id='word_1_90' title='bbox 1239 1627 1316 1722; x_wconf 84' lang='lat' dir='ltr'><strong>qni-</strong></span> 
     </span>
     <span class='ocr_line' id='line_1_14' title="bbox 223 1725 1319 1826; baseline 0.003 -28"><span class='ocrx_word' id='word_1_91' title='bbox 223 1725 305 1800; x_wconf 88' lang='lat' dir='ltr'><strong>dem</strong></span> <span class='ocrx_word' id='word_1_92' title='bbox 329 1736 478 1826; x_wconf 81' lang='lat' dir='ltr'><strong>propter</strong></span> <span class='ocrx_word' id='word_1_93' title='bbox 504 1753 605 1802; x_wconf 81' lang='lat' dir='ltr'><strong>suam</strong></span> <span class='ocrx_word' id='word_1_94' title='bbox 633 1725 905 1823; x_wconf 83' lang='lat' dir='ltr'><strong>praescientiam</strong></span> <span class='ocrx_word' id='word_1_95' title='bbox 932 1749 999 1798; x_wconf 90' lang='lat' dir='ltr'><strong>nec</strong></span> <span class='ocrx_word' id='word_1_96' title='bbox 1025 1727 1228 1804; x_wconf 85' lang='lat' dir='ltr'><strong>contristari</strong></span> <span class='ocrx_word' id='word_1_97' title='bbox 1248 1737 1319 1802; x_wconf 80' lang='lat' dir='ltr'><strong>neo&#39;</strong></span> 
     </span>
     <span class='ocr_line' id='line_1_15' title="bbox 222 1829 1315 1928; baseline 0.004 -26"><span class='ocrx_word' id='word_1_98' title='bbox 222 1831 399 1926; x_wconf 87' lang='lat' dir='ltr'><strong>poeniteri</strong></span> <span class='ocrx_word' id='word_1_99' title='bbox 416 1838 546 1928; x_wconf 88' lang='lat' dir='ltr'><strong>potest,</strong></span> <span class='ocrx_word' id='word_1_100' title='bbox 563 1829 648 1928; x_wconf 87' lang='lat' dir='ltr'><strong>qnia</strong></span> <span class='ocrx_word' id='word_1_101' title='bbox 664 1829 698 1901; x_wconf 92' lang='lat' dir='ltr'><strong>ei</strong></span> <span class='ocrx_word' id='word_1_102' title='bbox 711 1829 831 1904; x_wconf 88' lang='lat' dir='ltr'><strong>omnis</strong></span> <span class='ocrx_word' id='word_1_103' title='bbox 858 1832 1114 1904; x_wconf 83' lang='lat' dir='ltr'><strong>consummatio</strong></span> <span class='ocrx_word' id='word_1_104' title='bbox 1138 1837 1175 1904; x_wconf 89' lang='lat' dir='ltr'><strong>et</strong></span> <span class='ocrx_word' id='word_1_105' title='bbox 1199 1832 1315 1906; x_wconf 89' lang='lat' dir='ltr'><strong>omnis</strong></span> 
     </span>
     <span class='ocr_line' id='line_1_16' title="bbox 223 1931 1316 2030; baseline -0.001 -21"><span class='ocrx_word' id='word_1_106' title='bbox 223 1931 304 2009; x_wconf 86' lang='lat' dir='ltr'><strong>finis</strong></span> <span class='ocrx_word' id='word_1_107' title='bbox 332 1935 544 2010; x_wconf 43' lang='lat' dir='ltr'><strong>‘manifestus</strong></span> <span class='ocrx_word' id='word_1_108' title='bbox 563 1941 629 2028; x_wconf 80' lang='lat' dir='ltr'><strong>est,</strong></span> <span class='ocrx_word' id='word_1_109' title='bbox 649 1939 684 2006; x_wconf 92' lang='lat' dir='ltr'><strong>et</strong></span> <span class='ocrx_word' id='word_1_110' title='bbox 706 1932 801 2030; x_wconf 90' lang='lat' dir='ltr'><strong>apud</strong></span> <span class='ocrx_word' id='word_1_111' title='bbox 818 1931 909 2004; x_wconf 89' lang='lat' dir='ltr'><strong>illud</strong></span> <span class='ocrx_word' id='word_1_112' title='bbox 927 1932 1008 2006; x_wconf 84' lang='lat' dir='ltr'><strong>finis</strong></span> <span class='ocrx_word' id='word_1_113' title='bbox 1036 1956 1116 2007; x_wconf 89' lang='lat' dir='ltr'><strong>enm</strong></span> <span class='ocrx_word' id='word_1_114' title='bbox 1146 1957 1211 2008; x_wconf 86' lang='lat' dir='ltr'><strong>sun</strong></span> <span class='ocrx_word' id='word_1_115' title='bbox 1233 1955 1316 2008; x_wconf 84' lang='lat' dir='ltr'><strong>oon-</strong></span> 
     </span>
     <span class='ocr_line' id='line_1_17' title="bbox 222 2035 1314 2135; baseline 0.005 -27"><span class='ocrx_word' id='word_1_116' title='bbox 222 2038 457 2112; x_wconf 85' lang='lat' dir='ltr'><strong>snmmatione</strong></span> <span class='ocrx_word' id='word_1_117' title='bbox 487 2039 586 2135; x_wconf 88' lang='lat' dir='ltr'><strong>prior</strong></span> <span class='ocrx_word' id='word_1_118' title='bbox 604 2043 668 2110; x_wconf 86' lang='lat' dir='ltr'><strong>est¹</strong></span> <span class='ocrx_word' id='word_1_119' title='bbox 686 2059 807 2132; x_wconf 69' lang='lat' dir='ltr'><strong>quam»</strong></span> <span class='ocrx_word' id='word_1_120' title='bbox 823 2035 964 2110; x_wconf 85' lang='lat' dir='ltr'><strong>initium</strong></span> <span class='ocrx_word' id='word_1_121' title='bbox 991 2037 1030 2108; x_wconf 88' lang='lat' dir='ltr'><strong>in</strong></span> <span class='ocrx_word' id='word_1_122' title='bbox 1060 2059 1124 2109; x_wconf 90' lang='lat' dir='ltr'><strong>suo</strong></span> <span class='ocrx_word' id='word_1_123' title='bbox 1154 2037 1314 2113; x_wconf 80' lang='lat' dir='ltr'><strong>exordio.</strong></span> 
     </span>
     <span class='ocr_line' id='line_1_18' title="bbox 220 2137 1316 2235; baseline 0.005 -25"><span class='ocrx_word' id='word_1_124' title='bbox 220 2137 359 2218; x_wconf 87' lang='lat' dir='ltr'><strong>Verum</strong></span> <span class='ocrx_word' id='word_1_125' title='bbox 388 2143 477 2215; x_wconf 86' lang='lat' dir='ltr'><strong>haec</strong></span> <span class='ocrx_word' id='word_1_126' title='bbox 508 2143 605 2214; x_wconf 91' lang='lat' dir='ltr'><strong>dicta</strong></span> <span class='ocrx_word' id='word_1_127' title='bbox 635 2147 738 2232; x_wconf 87' lang='lat' dir='ltr'><strong>sont,</strong></span> <span class='ocrx_word' id='word_1_128' title='bbox 773 2144 814 2212; x_wconf 87' lang='lat' dir='ltr'><strong>ut</strong></span> <span class='ocrx_word' id='word_1_129' title='bbox 849 2146 911 2212; x_wconf 89' lang='lat' dir='ltr'><strong>tuo</strong></span> <span class='ocrx_word' id='word_1_130' title='bbox 940 2139 1102 2216; x_wconf 86' lang='lat' dir='ltr'><strong>consilio</strong></span> <span class='ocrx_word' id='word_1_131' title='bbox 1123 2141 1316 2235; x_wconf 70' lang='lat' dir='ltr'><strong>sententia,</strong></span> 
     </span>
     <span class='ocr_line' id='line_1_19' title="bbox 220 2241 1317 2340; baseline -0.004 -26"><span class='ocrx_word' id='word_1_132' title='bbox 220 2264 329 2336; x_wconf 85' lang='lat' dir='ltr'><strong>quom</strong></span> <span class='ocrx_word' id='word_1_133' title='bbox 349 2244 493 2340; x_wconf 81' lang='lat' dir='ltr'><strong>justitia</strong></span> <span class='ocrx_word' id='word_1_134' title='bbox 510 2253 572 2318; x_wconf 79' lang='lat' dir='ltr'><strong>trra</strong></span> <span class='ocrx_word' id='word_1_135' title='bbox 587 2245 737 2336; x_wconf 79' lang='lat' dir='ltr'><strong>ferebat,</strong></span> <span class='ocrx_word' id='word_1_136' title='bbox 755 2241 1029 2336; x_wconf 75' lang='lat' dir='ltr'><strong>rescinderetur,</strong></span> <span class='ocrx_word' id='word_1_137' title='bbox 1048 2249 1085 2316; x_wconf 92' lang='lat' dir='ltr'><strong>et</strong></span> <span class='ocrx_word' id='word_1_138' title='bbox 1102 2243 1218 2317; x_wconf 86' lang='lat' dir='ltr'><strong>denuo</strong></span> <span class='ocrx_word' id='word_1_139' title='bbox 1237 2250 1317 2318; x_wconf 67' lang='lat' dir='ltr'><strong>tan-</strong></span> 
     </span>
     <span class='ocr_line' id='line_1_20' title="bbox 221 2343 1316 2443; baseline 0.006 -27"><span class='ocrx_word' id='word_1_140' title='bbox 221 2367 327 2439; x_wconf 88' lang='lat' dir='ltr'><strong>quam</strong></span> <span class='ocrx_word' id='word_1_141' title='bbox 337 2371 474 2422; x_wconf 89' lang='lat' dir='ltr'><strong>merces</strong></span> <span class='ocrx_word' id='word_1_142' title='bbox 484 2354 567 2422; x_wconf 88' lang='lat' dir='ltr'><strong>tuae</strong></span> <span class='ocrx_word' id='word_1_143' title='bbox 585 2343 836 2420; x_wconf 85' lang='lat' dir='ltr'><strong>consolationis</strong></span> <span class='ocrx_word' id='word_1_144' title='bbox 853 2345 1026 2440; x_wconf 88' lang='lat' dir='ltr'><strong>reliquiae</strong></span> <span class='ocrx_word' id='word_1_145' title='bbox 1040 2353 1076 2418; x_wconf 91' lang='lat' dir='ltr'><strong>et</strong></span> <span class='ocrx_word' id='word_1_146' title='bbox 1090 2346 1234 2421; x_wconf 90' lang='lat' dir='ltr'><strong>residua</strong></span> <span class='ocrx_word' id='word_1_147' title='bbox 1245 2361 1316 2443; x_wconf 84' lang='lat' dir='ltr'><strong>qua</strong></span> 
     </span>
     <span class='ocr_line' id='line_1_21' title="bbox 220 2447 1317 2544; baseline 0.005 -25"><span class='ocrx_word' id='word_1_148' title='bbox 220 2471 343 2522; x_wconf 83' lang='lat' dir='ltr'><strong>semen</strong></span> <span class='ocrx_word' id='word_1_149' title='bbox 370 2457 406 2524; x_wconf 88' lang='lat' dir='ltr'><strong>et</strong></span> <span class='ocrx_word' id='word_1_150' title='bbox 432 2452 646 2525; x_wconf 86' lang='lat' dir='ltr'><strong>fermentum</strong></span> <span class='ocrx_word' id='word_1_151' title='bbox 673 2447 816 2544; x_wconf 86' lang='lat' dir='ltr'><strong>generis</strong></span> <span class='ocrx_word' id='word_1_152' title='bbox 841 2447 987 2520; x_wconf 90' lang='lat' dir='ltr'><strong>humani</strong></span> <span class='ocrx_word' id='word_1_153' title='bbox 1011 2449 1113 2523; x_wconf 90' lang='lat' dir='ltr'><strong>nobis</strong></span> <span class='ocrx_word' id='word_1_154' title='bbox 1140 2448 1317 2524; x_wconf 62' lang='lat' dir='ltr'><strong>donarem-⁴</strong></span> 
     </span>
     <span class='ocr_line' id='line_1_22' title="bbox 218 2548 1318 2648; baseline 0.005 -26"><span class='ocrx_word' id='word_1_155' title='bbox 218 2555 289 2622; x_wconf 87' lang='lat' dir='ltr'><strong>tur.</strong></span> <span class='ocrx_word' id='word_1_156' title='bbox 310 2550 509 2626; x_wconf 80' lang='lat' dir='ltr'><strong>Consilium</strong></span> <span class='ocrx_word' id='word_1_157' title='bbox 528 2559 629 2628; x_wconf 91' lang='lat' dir='ltr'><strong>tuum</strong></span> <span class='ocrx_word' id='word_1_158' title='bbox 651 2558 773 2648; x_wconf 88' lang='lat' dir='ltr'><strong>portas</strong></span> <span class='ocrx_word' id='word_1_159' title='bbox 798 2548 940 2646; x_wconf 85' lang='lat' dir='ltr'><strong>aperuit</strong></span> <span class='ocrx_word' id='word_1_160' title='bbox 967 2551 1103 2645; x_wconf 86' lang='lat' dir='ltr'><strong>gratiae</strong></span> <span class='ocrx_word' id='word_1_161' title='bbox 1130 2558 1213 2624; x_wconf 87' lang='lat' dir='ltr'><strong>tues</strong></span> <span class='ocrx_word' id='word_1_162' title='bbox 1228 2551 1318 2646; x_wconf 67' lang='lat' dir='ltr'><strong>³,uu</strong></span> 
     </span>
     <span class='ocr_line' id='line_1_23' title="bbox 218 2651 1315 2751; baseline 0.004 -27"><span class='ocrx_word' id='word_1_163' title='bbox 218 2651 309 2726; x_wconf 89' lang='lat' dir='ltr'><strong>haec</strong></span> <span class='ocrx_word' id='word_1_164' title='bbox 324 2655 476 2730; x_wconf 84' lang='lat' dir='ltr'><strong>intraret</strong></span> <span class='ocrx_word' id='word_1_165' title='bbox 494 2662 531 2728; x_wconf 89' lang='lat' dir='ltr'><strong>et</strong></span> <span class='ocrx_word' id='word_1_166' title='bbox 544 2663 580 2727; x_wconf 89' lang='lat' dir='ltr'><strong>te</strong></span> <span class='ocrx_word' id='word_1_167' title='bbox 597 2677 662 2751; x_wconf 89' lang='lat' dir='ltr'><strong>pro</strong></span> <span class='ocrx_word' id='word_1_168' title='bbox 680 2652 783 2726; x_wconf 93' lang='lat' dir='ltr'><strong>nobis</strong></span> <span class='ocrx_word' id='word_1_169' title='bbox 802 2658 979 2744; x_wconf 79' lang='lat' dir='ltr'><strong>exoraret,</strong></span> <span class='ocrx_word' id='word_1_170' title='bbox 998 2653 1082 2748; x_wconf 88' lang='lat' dir='ltr'><strong>quia</strong></span> <span class='ocrx_word' id='word_1_171' title='bbox 1099 2677 1121 2726; x_wconf 88' lang='lat' dir='ltr'><strong>a</strong></span> <span class='ocrx_word' id='word_1_172' title='bbox 1137 2661 1176 2726; x_wconf 88' lang='lat' dir='ltr'><strong>te</strong></span> <span class='ocrx_word' id='word_1_173' title='bbox 1190 2677 1315 2730; x_wconf 83' lang='lat' dir='ltr'><strong>vocem</strong></span> 
     </span>
     <span class='ocr_line' id='line_1_24' title="bbox 218 2754 1411 2855; baseline 0.001 -25"><span class='ocrx_word' id='word_1_174' title='bbox 218 2759 453 2832; x_wconf 80' lang='lat' dir='ltr'><strong>accusationis</strong></span> <span class='ocrx_word' id='word_1_175' title='bbox 481 2764 625 2831; x_wconf 85' lang='lat' dir='ltr'><strong>nostrae</strong></span> <span class='ocrx_word' id='word_1_176' title='bbox 652 2754 801 2848; x_wconf 80' lang='lat' dir='ltr'><strong>audivit,</strong></span> <span class='ocrx_word' id='word_1_177' title='bbox 820 2777 911 2852; x_wconf 84' lang='lat' dir='ltr'><strong>quae</strong></span> <span class='ocrx_word' id='word_1_178' title='bbox 932 2754 1012 2855; x_wconf 88' lang='lat' dir='ltr'><strong>ipsa</strong></span> <span class='ocrx_word' id='word_1_179' title='bbox 1041 2762 1098 2829; x_wconf 89' lang='lat' dir='ltr'><strong>est</strong></span> <span class='ocrx_word' id='word_1_180' title='bbox 1123 2779 1232 2830; x_wconf 85' lang='lat' dir='ltr'><strong>causa</strong></span> <span class='ocrx_word' id='word_1_181' title='bbox 1259 2782 1313 2831; x_wconf 86' lang='lat' dir='ltr'><strong>re·</strong></span> <span class='ocrx_word' id='word_1_182' title='bbox 1404 2774 1411 2788; x_wconf 89' lang='lat'><em>·</em></span> 
     </span>
     <span class='ocr_line' id='line_1_25' title="bbox 219 2858 1315 2956; baseline 0.002 -26"><span class='ocrx_word' id='word_1_183' title='bbox 219 2862 452 2944; x_wconf 84' lang='lat' dir='ltr'><strong>surrectionis</strong></span> <span class='ocrx_word' id='word_1_184' title='bbox 478 2867 633 2954; x_wconf 86' lang='lat' dir='ltr'><strong>nostrae,</strong></span> <span class='ocrx_word' id='word_1_185' title='bbox 652 2883 763 2956; x_wconf 88' lang='lat' dir='ltr'><strong>quum</strong></span> <span class='ocrx_word' id='word_1_186' title='bbox 789 2858 937 2933; x_wconf 85' lang='lat' dir='ltr'><strong>dixisti:</strong></span> <span class='ocrx_word' id='word_1_187' title='bbox 957 2859 1175 2934; x_wconf 74' lang='lat' dir='ltr'><strong>“Inclinatio</strong></span> <span class='ocrx_word' id='word_1_188' title='bbox 1200 2861 1315 2934; x_wconf 57' lang='lat' dir='ltr'><strong>homi-⁴</strong></span> 
     </span>
     <span class='ocr_line' id='line_1_26' title="bbox 217 2961 1316 3061; baseline -0.002 -24"><span class='ocrx_word' id='word_1_189' title='bbox 217 2961 273 3037; x_wconf 84' lang='lat' dir='ltr'><strong>nis</strong></span> <span class='ocrx_word' id='word_1_190' title='bbox 290 2965 388 3040; x_wconf 81' lang='lat' dir='ltr'><strong>mala</strong></span> <span class='ocrx_word' id='word_1_191' title='bbox 408 2972 463 3038; x_wconf 89' lang='lat' dir='ltr'><strong>est</strong></span> <span class='ocrx_word' id='word_1_192' title='bbox 480 2987 622 3061; x_wconf 86' lang='lat' dir='ltr'><strong>semper</strong></span> <span class='ocrx_word' id='word_1_193' title='bbox 640 2963 694 3038; x_wconf 68' lang='grc'><strong>»6.</strong></span> <span class='ocrx_word' id='word_1_194' title='bbox 713 2963 792 3036; x_wconf 90' lang='lat' dir='ltr'><strong>Hoc</strong></span> <span class='ocrx_word' id='word_1_195' title='bbox 811 2961 906 3034; x_wconf 91' lang='lat' dir='ltr'><strong>enim</strong></span> <span class='ocrx_word' id='word_1_196' title='bbox 928 2961 1076 3038; x_wconf 90' lang='lat' dir='ltr'><strong>consilio</strong></span> <span class='ocrx_word' id='word_1_197' title='bbox 1094 2986 1136 3036; x_wconf 92' lang='lat' dir='ltr'><strong>os</strong></span> <span class='ocrx_word' id='word_1_198' title='bbox 1151 2964 1316 3058; x_wconf 82' lang='lat' dir='ltr'><strong>justitiae</strong></span> 
     </span>
     <span class='ocr_line' id='line_1_27' title="bbox 217 3063 1313 3163; baseline 0.005 -28"><span class='ocrx_word' id='word_1_199' title='bbox 217 3063 263 3135; x_wconf 87' lang='lat' dir='ltr'><strong>ad</strong></span> <span class='ocrx_word' id='word_1_200' title='bbox 281 3089 346 3142; x_wconf 75' lang='lat' dir='ltr'><strong>ntus</strong></span> <span class='ocrx_word' id='word_1_201' title='bbox 365 3067 537 3142; x_wconf 89' lang='lat' dir='ltr'><strong>delendos</strong></span> <span class='ocrx_word' id='word_1_202' title='bbox 553 3066 790 3163; x_wconf 83' lang='lat' dir='ltr'><strong>aperiebatur,</strong></span> <span class='ocrx_word' id='word_1_203' title='bbox 819 3065 882 3138; x_wconf 90' lang='lat' dir='ltr'><strong>sed</strong></span> <span class='ocrx_word' id='word_1_204' title='bbox 901 3072 938 3138; x_wconf 88' lang='lat' dir='ltr'><strong>et</strong></span> <span class='ocrx_word' id='word_1_205' title='bbox 954 3064 1081 3162; x_wconf 80' lang='lat' dir='ltr'><strong>lingua</strong></span> <span class='ocrx_word' id='word_1_206' title='bbox 1105 3066 1250 3160; x_wconf 83' lang='lat' dir='ltr'><strong>gratiae</strong></span> <span class='ocrx_word' id='word_1_207' title='bbox 1266 3067 1313 3140; x_wconf 86' lang='lat' dir='ltr'><strong>ad</strong></span> 
     </span>
     <span class='ocr_line' id='line_1_28' title="bbox 217 3167 1314 3266; baseline 0.007 -29"><span class='ocrx_word' id='word_1_208' title='bbox 217 3189 282 3243; x_wconf 89' lang='lat' dir='ltr'><strong>nos</strong></span> <span class='ocrx_word' id='word_1_209' title='bbox 323 3169 590 3246; x_wconf 83' lang='lat' dir='ltr'><strong>vivificandos·⁷</strong></span> <span class='ocrx_word' id='word_1_210' title='bbox 624 3170 843 3244; x_wconf 81' lang='lat' dir='ltr'><strong>solvebatur.</strong></span> <span class='ocrx_word' id='word_1_211' title='bbox 880 3167 960 3242; x_wconf 90' lang='lat' dir='ltr'><strong>Hoc</strong></span> <span class='ocrx_word' id='word_1_212' title='bbox 989 3170 1137 3243; x_wconf 87' lang='lat' dir='ltr'><strong>consilio</strong></span> <span class='ocrx_word' id='word_1_213' title='bbox 1170 3171 1314 3266; x_wconf 84' lang='lat' dir='ltr'><strong>justitia</strong></span> 
     </span>
     <span class='ocr_line' id='line_1_29' title="bbox 217 3268 1316 3375; baseline 0.003 -33"><span class='ocrx_word' id='word_1_214' title='bbox 217 3268 401 3349; x_wconf 84' lang='lat' dir='ltr'><strong>damnavit</strong></span> <span class='ocrx_word' id='word_1_215' title='bbox 427 3277 493 3373; x_wconf 78' lang='lat' dir='ltr'><strong>nos</strong></span> <span class='ocrx_word' id='word_1_216' title='bbox 521 3280 669 3372; x_wconf 85' lang='lat' dir='ltr'><strong>propter</strong></span> <span class='ocrx_word' id='word_1_217' title='bbox 695 3279 853 3348; x_wconf 89' lang='lat' dir='ltr'><strong>nostram</strong></span> <span class='ocrx_word' id='word_1_218' title='bbox 881 3270 1094 3367; x_wconf 85' lang='lat' dir='ltr'><strong>libertatem,</strong></span> <span class='ocrx_word' id='word_1_219' title='bbox 1119 3272 1316 3375; x_wconf 90' lang='lat' dir='ltr'><strong>eodemque</strong></span> 
     </span>
    </p>
   </div>
   <div class='ocr_carea' id='block_1_5' title="bbox 159 3558 1314 4502">
    <p class='ocr_par' dir='ltr' id='par_1_6' title="bbox 216 3558 1313 3780">
     <span class='ocr_line' id='line_1_30' title="bbox 297 3558 1312 3648; baseline 0.008 -26"><span class='ocrx_word' id='word_1_220' title='bbox 297 3569 323 3622; x_wconf 88' lang='lat' dir='ltr'><strong>l.</strong></span> <span class='ocrx_word' id='word_1_221' title='bbox 345 3567 532 3640; x_wconf 83' lang='lat' dir='ltr'><strong>Sensusest:</strong></span> <span class='ocrx_word' id='word_1_222' title='bbox 547 3565 578 3638; x_wconf 84' lang='lat' dir='ltr'><strong>Si</strong></span> <span class='ocrx_word' id='word_1_223' title='bbox 590 3567 676 3626; x_wconf 86' lang='lat' dir='ltr'><strong>Dens</strong></span> <span class='ocrx_word' id='word_1_224' title='bbox 691 3567 839 3626; x_wconf 82' lang='lat' dir='ltr'><strong>Adamnm</strong></span> <span class='ocrx_word' id='word_1_225' title='bbox 853 3583 892 3624; x_wconf 87' lang='lat' dir='ltr'><strong>ex</strong></span> <span class='ocrx_word' id='word_1_226' title='bbox 902 3566 1026 3644; x_wconf 84' lang='lat' dir='ltr'><strong>justitia</strong></span> <span class='ocrx_word' id='word_1_227' title='bbox 1037 3558 1211 3645; x_wconf 80' lang='lat' dir='ltr'><strong>punivisset</strong></span> <span class='ocrx_word' id='word_1_228' title='bbox 1221 3571 1312 3648; x_wconf 86' lang='lat' dir='ltr'><strong>eique</strong></span> 
     </span>
     <span class='ocr_line' id='line_1_31' title="bbox 216 3643 1313 3780; baseline 0.006 -80"><span class='ocrx_word' id='word_1_229' title='bbox 216 3643 459 3780; x_wconf 48' lang='lat' dir='ltr'><strong>{ngsericordiam</strong></span> <span class='ocrx_word' id='word_1_230' title='bbox 473 3665 533 3707; x_wconf 87' lang='lat' dir='ltr'><strong>non</strong></span> <span class='ocrx_word' id='word_1_231' title='bbox 549 3645 766 3722; x_wconf 71' lang='lat' dir='ltr'><strong>praestitisset,</strong></span> <span class='ocrx_word' id='word_1_232' title='bbox 785 3645 833 3703; x_wconf 93' lang='lat' dir='ltr'><strong>hic</strong></span> <span class='ocrx_word' id='word_1_233' title='bbox 850 3663 888 3702; x_wconf 87' lang='lat' dir='ltr'><strong>cx</strong></span> <span class='ocrx_word' id='word_1_234' title='bbox 910 3644 1029 3706; x_wconf 85' lang='lat' dir='ltr'><strong>inferno</strong></span> <span class='ocrx_word' id='word_1_235' title='bbox 1052 3667 1205 3724; x_wconf 87' lang='lat' dir='ltr'><strong>nunquam</strong></span> <span class='ocrx_word' id='word_1_236' title='bbox 1228 3655 1313 3712; x_wconf 87' lang='lat' dir='ltr'><strong>esset</strong></span> 
     </span>
     <span class='ocr_line' id='line_1_32' title="bbox 226 3723 420 3780; baseline 0.005 -1"><span class='ocrx_word' id='word_1_237' title='bbox 226 3723 238 3779; x_wconf 89' lang='lat' dir='ltr'><strong>i</strong></span> <span class='ocrx_word' id='word_1_238' title='bbox 261 3727 377 3780; x_wconf 87' lang='lat' dir='ltr'><strong>eratus.</strong></span> <span class='ocrx_word' id='word_1_239' title='bbox 417 3739 420 3742; x_wconf 87' lang='lat'>·</span> 
     </span>
    </p>

    <p class='ocr_par' dir='ltr' id='par_1_7' title="bbox 159 3801 1314 3868">
     <span class='ocr_line' id='line_1_33' title="bbox 159 3801 1314 3868; baseline -0.002 -8"><span class='ocrx_word' id='word_1_240' title='bbox 159 3853 170 3866; x_wconf 80' lang='grc'>,</span> <span class='ocrx_word' id='word_1_241' title='bbox 295 3804 323 3862; x_wconf 83' lang='grc'><strong>2.</strong></span> <span class='ocrx_word' id='word_1_242' title='bbox 347 3801 396 3860; x_wconf 83' lang='lat' dir='ltr'><strong>Sic</strong></span> <span class='ocrx_word' id='word_1_243' title='bbox 410 3801 441 3859; x_wconf 89' lang='lat' dir='ltr'><strong>in</strong></span> <span class='ocrx_word' id='word_1_244' title='bbox 457 3804 523 3862; x_wconf 89' lang='lat' dir='ltr'><strong>cod.</strong></span> <span class='ocrx_word' id='word_1_245' title='bbox 538 3804 574 3860; x_wconf 91' lang='lat' dir='ltr'><strong>B.</strong></span> <span class='ocrx_word' id='word_1_246' title='bbox 587 3803 624 3862; x_wconf 91' lang='lat' dir='ltr'><strong>In</strong></span> <span class='ocrx_word' id='word_1_247' title='bbox 638 3803 706 3862; x_wconf 86' lang='lat' dir='ltr'><strong>cod.</strong></span> <span class='ocrx_word' id='word_1_248' title='bbox 720 3804 748 3860; x_wconf 88' lang='lat' dir='ltr'>A</span> <span class='ocrx_word' id='word_1_249' title='bbox 762 3803 861 3860; x_wconf 81' lang='lat' dir='ltr'><strong>salso:</strong></span> <span class='ocrx_word' id='word_1_250' title='bbox 880 3805 936 3859; x_wconf 72' lang='lat' dir='ltr'><strong>eet</strong></span> <span class='ocrx_word' id='word_1_251' title='bbox 947 3805 1185 3864; x_wconf 84' lang='lat' dir='ltr'><strong>resurrectionis</strong></span> <span class='ocrx_word' id='word_1_252' title='bbox 1199 3833 1226 3868; x_wconf 63' lang='lat' dir='ltr'><strong>s.</strong></span> <span class='ocrx_word' id='word_1_253' title='bbox 1311 3833 1314 3843; x_wconf 77' lang='lat'><em>‹</em></span> 
     </span>
    </p>

    <p class='ocr_par' dir='ltr' id='par_1_8' title="bbox 294 3879 1142 3958">
     <span class='ocr_line' id='line_1_34' title="bbox 294 3879 1142 3958; baseline 0 -20"><span class='ocrx_word' id='word_1_254' title='bbox 294 3882 321 3938; x_wconf 89' lang='lat'><strong>3.</strong></span> <span class='ocrx_word' id='word_1_255' title='bbox 342 3880 392 3938; x_wconf 83' lang='lat' dir='ltr'><strong>Ito</strong></span> <span class='ocrx_word' id='word_1_256' title='bbox 406 3880 435 3942; x_wconf 86' lang='lat' dir='ltr'><strong>in</strong></span> <span class='ocrx_word' id='word_1_257' title='bbox 452 3882 518 3940; x_wconf 83' lang='lat' dir='ltr'><strong>eod.</strong></span> <span class='ocrx_word' id='word_1_258' title='bbox 534 3882 568 3938; x_wconf 92' lang='grc' dir='ltr'><strong>Β.</strong></span> <span class='ocrx_word' id='word_1_259' title='bbox 584 3881 620 3938; x_wconf 93' lang='lat' dir='ltr'><strong>In</strong></span> <span class='ocrx_word' id='word_1_260' title='bbox 632 3882 700 3939; x_wconf 86' lang='lat' dir='ltr'><strong>cod.</strong></span> <span class='ocrx_word' id='word_1_261' title='bbox 715 3883 743 3938; x_wconf 87' lang='lat' dir='ltr'>A</span> <span class='ocrx_word' id='word_1_262' title='bbox 755 3907 835 3953; x_wconf 41' lang='lat' dir='ltr'><strong>unus</strong></span> <span class='ocrx_word' id='word_1_263' title='bbox 851 3879 930 3938; x_wconf 85' lang='lat' dir='ltr'><strong>falso</strong></span> <span class='ocrx_word' id='word_1_264' title='bbox 946 3880 992 3938; x_wconf 93' lang='lat' dir='ltr'><strong>bis</strong></span> <span class='ocrx_word' id='word_1_265' title='bbox 1006 3883 1142 3958; x_wconf 88' lang='lat' dir='ltr'><strong>ponitur.</strong></span> 
     </span>
    </p>

    <p class='ocr_par' dir='ltr' id='par_1_9' title="bbox 215 3955 1312 4112">
     <span class='ocr_line' id='line_1_35' title="bbox 293 3955 1312 4037; baseline 0.008 -23"><span class='ocrx_word' id='word_1_266' title='bbox 293 3959 321 4015; x_wconf 86' lang='lat'><strong>4.</strong></span> <span class='ocrx_word' id='word_1_267' title='bbox 343 3958 389 4016; x_wconf 80' lang='lat' dir='ltr'><strong>of.</strong></span> <span class='ocrx_word' id='word_1_268' title='bbox 398 3960 472 4018; x_wconf 81' lang='lat' dir='ltr'><strong>Gru.</strong></span> <span class='ocrx_word' id='word_1_269' title='bbox 485 3964 536 4031; x_wconf 78' lang='grc'><strong>6,6</strong></span> <span class='ocrx_word' id='word_1_270' title='bbox 549 3979 555 4016; x_wconf 93' lang='lat'><strong>:</strong></span> <span class='ocrx_word' id='word_1_271' title='bbox 571 3958 689 4032; x_wconf 70' lang='lat' dir='ltr'><strong>“Oorc⁷</strong></span> <span class='ocrx_word' id='word_1_272' title='bbox 701 3959 874 4018; x_wconf 77' lang='lat' dir='ltr'><strong>adverbum</strong></span> <span class='ocrx_word' id='word_1_273' title='bbox 886 3955 903 4003; x_wconf 79' lang='lat' dir='ltr'><strong>&#39;c</strong></span> <span class='ocrx_word' id='word_1_274' title='bbox 913 3960 1118 4032; x_wconf 85' lang='lat' dir='ltr'><strong>cogitationes</strong></span> <span class='ocrx_word' id='word_1_275' title='bbox 1130 3961 1272 4024; x_wconf 86' lang='lat' dir='ltr'><strong>velmens</strong></span> <span class='ocrx_word' id='word_1_276' title='bbox 1284 3993 1312 4037; x_wconf 70' lang='lat' dir='ltr'><strong>s,</strong></span> 
     </span>
     <span class='ocr_line' id='line_1_36' title="bbox 215 4035 1252 4112; baseline 0.005 -20"><span class='ocrx_word' id='word_1_277' title='bbox 215 4035 244 4092; x_wconf 90' lang='lat' dir='ltr'><strong>h.</strong></span> <span class='ocrx_word' id='word_1_278' title='bbox 260 4036 279 4094; x_wconf 93' lang='lat' dir='ltr'><strong>l.</strong></span> <span class='ocrx_word' id='word_1_279' title='bbox 293 4037 483 4096; x_wconf 82' lang='lat' dir='ltr'><strong>intellectum</strong></span> <span class='ocrx_word' id='word_1_280' title='bbox 500 4038 548 4094; x_wconf 86' lang='lat' dir='ltr'><strong>vel</strong></span> <span class='ocrx_word' id='word_1_281' title='bbox 564 4037 723 4096; x_wconf 88' lang='lat' dir='ltr'><strong>consilium</strong></span> <span class='ocrx_word' id='word_1_282' title='bbox 741 4037 875 4095; x_wconf 89' lang='lat' dir='ltr'><strong>divinum</strong></span> <span class='ocrx_word' id='word_1_283' title='bbox 890 4037 1050 4112; x_wconf 83' lang='lat' dir='ltr'><strong>significat.</strong></span> <span class='ocrx_word' id='word_1_284' title='bbox 1250 4048 1252 4054; x_wconf 87' lang='lat'>&#39;</span> 
     </span>
    </p>

    <p class='ocr_par' dir='ltr' id='par_1_10' title="bbox 292 4114 1011 4191">
     <span class='ocr_line' id='line_1_37' title="bbox 292 4114 1011 4191; baseline 0.001 -19"><span class='ocrx_word' id='word_1_285' title='bbox 292 4116 320 4172; x_wconf 83' lang='lat'><strong>5.</strong></span> <span class='ocrx_word' id='word_1_286' title='bbox 341 4115 377 4172; x_wconf 87' lang='lat' dir='ltr'><strong>In</strong></span> <span class='ocrx_word' id='word_1_287' title='bbox 394 4115 460 4174; x_wconf 90' lang='lat' dir='ltr'><strong>eod.</strong></span> <span class='ocrx_word' id='word_1_288' title='bbox 476 4117 518 4176; x_wconf 89' lang='lat' dir='ltr'><strong>B:</strong></span> <span class='ocrx_word' id='word_1_289' title='bbox 542 4115 689 4174; x_wconf 65' lang='lat' dir='ltr'><strong>“Janitor</strong></span> <span class='ocrx_word' id='word_1_290' title='bbox 704 4121 753 4174; x_wconf 88' lang='lat' dir='ltr'><strong>est</strong></span> <span class='ocrx_word' id='word_1_291' title='bbox 766 4114 885 4191; x_wconf 83' lang='lat' dir='ltr'><strong>gratiae</strong></span> <span class='ocrx_word' id='word_1_292' title='bbox 899 4119 971 4173; x_wconf 89' lang='lat' dir='ltr'><strong>tuae</strong></span> <span class='ocrx_word' id='word_1_293' title='bbox 984 4147 1011 4177; x_wconf 76' lang='lat' dir='ltr'><strong>s.</strong></span> 
     </span>
    </p>

    <p class='ocr_par' dir='ltr' id='par_1_11' title="bbox 290 4193 1033 4269">
     <span class='ocr_line' id='line_1_38' title="bbox 290 4193 1033 4269; baseline 0.004 -19"><span class='ocrx_word' id='word_1_294' title='bbox 290 4195 318 4250; x_wconf 87' lang='grc'><strong>6.</strong></span> <span class='ocrx_word' id='word_1_295' title='bbox 339 4193 415 4254; x_wconf 82' lang='lat' dir='ltr'><strong>Gan.</strong></span> <span class='ocrx_word' id='word_1_296' title='bbox 429 4197 458 4269; x_wconf 83' lang='grc'><strong>8,</strong></span> <span class='ocrx_word' id='word_1_297' title='bbox 474 4197 522 4254; x_wconf 84' lang='lat'><strong>21.</strong></span> <span class='ocrx_word' id='word_1_298' title='bbox 1030 4262 1033 4268; x_wconf 36' lang='grc'>,</span> 
     </span>
    </p>

    <p class='ocr_par' dir='ltr' id='par_1_12' title="bbox 211 4271 1310 4502">
     <span class='ocr_line' id='line_1_39' title="bbox 291 4271 1310 4349; baseline 0.004 -21"><span class='ocrx_word' id='word_1_299' title='bbox 291 4273 318 4329; x_wconf 82' lang='grc'><strong>7.</strong></span> <span class='ocrx_word' id='word_1_300' title='bbox 340 4272 425 4332; x_wconf 85' lang='lat' dir='ltr'><strong>Haec</strong></span> <span class='ocrx_word' id='word_1_301' title='bbox 450 4271 605 4332; x_wconf 85' lang='lat' dir='ltr'><strong>sententia</strong></span> <span class='ocrx_word' id='word_1_302' title='bbox 630 4272 687 4332; x_wconf 88' lang='lat' dir='ltr'><strong>hoo</strong></span> <span class='ocrx_word' id='word_1_303' title='bbox 712 4289 833 4349; x_wconf 89' lang='lat' dir='ltr'><strong>quoque</strong></span> <span class='ocrx_word' id='word_1_304' title='bbox 864 4271 954 4330; x_wconf 88' lang='lat' dir='ltr'><strong>modo</strong></span> <span class='ocrx_word' id='word_1_305' title='bbox 980 4271 1059 4330; x_wconf 83' lang='lat' dir='ltr'><strong>verti</strong></span> <span class='ocrx_word' id='word_1_306' title='bbox 1083 4276 1204 4349; x_wconf 87' lang='lat' dir='ltr'><strong>potest:</strong></span> <span class='ocrx_word' id='word_1_307' title='bbox 1222 4275 1310 4332; x_wconf 59' lang='lat' dir='ltr'><strong>“Por</strong></span> 
     </span>
     <span class='ocr_line' id='line_1_40' title="bbox 214 4347 1308 4431; baseline 0.005 -27"><span class='ocrx_word' id='word_1_308' title='bbox 214 4347 294 4422; x_wconf 88' lang='lat' dir='ltr'><strong>quod</strong></span> <span class='ocrx_word' id='word_1_309' title='bbox 310 4350 389 4409; x_wconf 87' lang='lat' dir='ltr'><strong>enim</strong></span> <span class='ocrx_word' id='word_1_310' title='bbox 405 4355 545 4430; x_wconf 86' lang='lat' dir='ltr'><strong>apertum</strong></span> <span class='ocrx_word' id='word_1_311' title='bbox 563 4355 612 4410; x_wconf 87' lang='lat' dir='ltr'><strong>est</strong></span> <span class='ocrx_word' id='word_1_312' title='bbox 626 4369 660 4410; x_wconf 89' lang='lat' dir='ltr'><strong>os</strong></span> <span class='ocrx_word' id='word_1_313' title='bbox 670 4347 822 4428; x_wconf 82' lang='lat' dir='ltr'><strong>justitiae,</strong></span> <span class='ocrx_word' id='word_1_314' title='bbox 836 4368 891 4427; x_wconf 86' lang='lat' dir='ltr'><strong>por</strong></span> <span class='ocrx_word' id='word_1_315' title='bbox 905 4351 962 4409; x_wconf 91' lang='lat' dir='ltr'><strong>hoc</strong></span> <span class='ocrx_word' id='word_1_316' title='bbox 977 4354 1010 4410; x_wconf 90' lang='lat' dir='ltr'><strong>et</strong></span> <span class='ocrx_word' id='word_1_317' title='bbox 1026 4351 1129 4412; x_wconf 86' lang='lat' dir='ltr'><strong>soluta</strong></span> <span class='ocrx_word' id='word_1_318' title='bbox 1141 4355 1189 4412; x_wconf 87' lang='lat' dir='ltr'><strong>est</strong></span> <span class='ocrx_word' id='word_1_319' title='bbox 1202 4351 1308 4431; x_wconf 83' lang='lat' dir='ltr'><strong>lingua</strong></span> 
     </span>
     <span class='ocr_line' id='line_1_41' title="bbox 211 4423 370 4502; baseline 0.006 -19"><span class='ocrx_word' id='word_1_320' title='bbox 211 4423 370 4502; x_wconf 72' lang='lat' dir='ltr'><strong>gratiae..</strong></span> 
     </span>
    </p>
   </div>
   <div class='ocr_carea' id='block_1_6' title="bbox 0 0 1676 5200">
    <p class='ocr_par' dir='ltr' id='par_1_13' title="bbox 0 0 1676 5200">
     <span class='ocr_line' id='line_1_42' title="bbox 0 0 1676 5200; baseline 0 3"><span class='ocrx_word' id='word_1_321' title='bbox 0 0 1676 5200; x_wconf 95' lang='lat' dir='ltr'><strong> </strong></span> 
     </span>
    </p>
   </div>
  </div>
 </body>
</html>
