3268 5220
165 520 225 572 eos
258 495 427 572 invitavit
453 504 489 571 et
515 521 634 572 secum
667 499 871 573 accumbere
906 498 997 573 fecit.
1025 497 1246 574 Admirabile

165 603 427 700 spectaculum!
454 603 625 676 assistunt
643 603 676 675 ei
693 603 812 698 angeli
830 609 1032 696 trementes,
1057 610 1093 676 ct
1109 626 1247 676 accum-

163 709 249 780 bunt
266 731 348 780 cum
367 729 409 778 eo
426 707 605 804 publicani
621 707 804 780 laetantes.
820 707 928 780 Beati
950 707 1095 803 spiritus
1112 708 1250 803 magni·

162 811 322 883 tudinem
341 811 417 908 ejus
432 811 697 907 pertimescunt,
716 817 752 882 et
767 821 970 908 peccatores
986 835 1066 882 oum
1084 803 1124 882 eo
1140 811 1250 883 edunt

161 921 196 986 et
222 914 360 988 bibunt.
388 913 529 988 Scribas
555 915 708 988 invidiae
743 919 945 988 aestuantes
980 915 1185 1009 affliguntur
1212 920 1249 987 et

160 1017 342 1114 publicani
359 1018 601 1092 misericordia
619 1018 791 1091 exultant.
805 1019 982 1092 Viderunt
997 1015 1115 1115 superi
1134 1026 1170 1090 et
1186 1018 1248 1090 ad-

160 1122 281 1194 mirati
299 1129 393 1216 sunt,
410 1121 576 1194 viderunt
592 1121 696 1195 inferi
714 1129 750 1193 et
766 1123 884 1196 furore
902 1122 1133 1196 insanierunt.
1146 1122 1249 1196 Vidit

161 1225 313 1298 Satanas
332 1233 368 1297 et
385 1225 574 1319 contabuit,
593 1226 681 1300 vidit
698 1249 793 1298 mors
812 1233 847 1298 ct
864 1226 1041 1298 infirmata
1058 1232 1124 1320 est,
1149 1225 1247 1298 uide-

159 1335 243 1402 runt
262 1330 406 1403 Scribae
424 1337 460 1402 et
481 1330 615 1404 confusi
631 1337 864 1424 recesserunt,
881 1329 1048 1402 viderunt
1064 1329 1248 1404 Pharisaei

160 1439 197 1504 et
214 1434 416 1506 conturbati
434 1440 526 1506 sunt.
546 1433 723 1508 Gaudium
742 1439 818 1506 erat
835 1434 872 1506 in
891 1433 997 1506 coelis
1018 1441 1053 1506 et
1075 1433 1247 1506 exultatio

158 1537 310 1632 angelis,
320 1536 403 1634 quia
415 1537 567 1610 rebelles
582 1562 619 1610 se
634 1536 884 1630 submiserunt,
894 1537 1100 1610 indocibiles
1111 1537 1155 1608 ad
1165 1540 1247 1611 obe-

156 1639 328 1714 dientiam
346 1641 492 1734 reducti,
510 1649 712 1738 peccatores
730 1641 930 1714 resuscitati
948 1647 984 1712 et
996 1641 1175 1739 publicani
1186 1641 1245 1738 ju-

156 1743 300 1816 stificati
326 1752 417 1818 sunt.
445 1745 562 1833 Quum
588 1745 691 1817 amici
717 1768 798 1818 eum
819 1746 1091 1818 dehortarentur
1105 1743 1130 1838 ¹,
1149 1745 1244 1817 cruci

155 1845 413 1943 ignominiosae
431 1872 503 1921 non
519 1848 750 1942 renunciavit,
778 1856 813 1921 et
835 1873 944 1946 quum
960 1848 1093 1920 inimici
1111 1848 1145 1920 ei
1161 1848 1244 1920 illu-

157 1951 293 2046 derent,
312 1977 334 2024 a
348 1953 518 2025 societate
535 1952 802 2049 publicanorum
820 1976 891 2025 non
908 1953 1065 2046 recessit,
1084 1952 1147 2025 sed
1163 1952 1244 2026 irri-

154 2054 290 2128 sionem
309 2057 444 2153 spreuit
462 2063 498 2128 et
514 2056 656 2129 laudem
681 2057 902 2154 contempsit,
923 2063 1072 2152 utroque
1093 2054 1243 2130 salutem

152 2157 335 2232 hominum
352 2161 548 2258 perficiens.

258 2264 375 2336 Tota
400 2271 537 2336 nocte
563 2263 888 2338 laboravimus
915 2263 1015 2360 (Luc.
1034 2267 1067 2358 5,
1082 2265 1130 2359 5),
1166 2265 1243 2360 qui-

153 2367 218 2439 bus
231 2367 351 2443 verbis
366 2368 525 2442 doctrina
533 2367 792 2465 Prophetarum
802 2367 1030 2465 significatur,
1040 2369 1083 2440 de
1098 2369 1241 2442 excelso

154 2469 264 2543 missa
290 2469 327 2543 in
353 2473 533 2566 mundum,
561 2472 621 2568 qui
647 2495 711 2569 per
737 2496 833 2546 mare
860 2479 1147 2570 repraesentatus
1174 2480 1239 2546 est.
1368 2553 1371 2564 Ι

152 2571 253 2646 Duae
279 2598 389 2650 naves
416 2583 498 2650 sunt
523 2576 740 2648 circumcisio
766 2584 801 2649 et
826 2577 1061 2674 praeputium.
1079 2577 1127 2650 Et
1145 2577 1239 2672 quod

153 2676 415 2752 innuerunt
430 2679 574 2754 sociis
595 2679 704 2774 suis,
722 2681 931 2776 mysterium
945 2687 1001 2753 est
1014 2680 1240 2778 septuaginta

153 2780 303 2856 duorum
321 2784 584 2882 discipulorum,
595 2784 678 2881 quia
690 2783 856 2880 Apostoli
871 2784 1070 2882 piscaturae
1083 2791 1119 2856 et
1130 2785 1240 2858 messi

152 2909 223 2958 non
241 2887 471 2964 sufficiebant.

257 2990 637 3066 ViditDominus
664 2991 809 3064 fidem
836 3014 1003 3087 corum,
1030 2991 1148 3065 dicit
1176 2992 1236 3068 ei:

153 3091 365 3168 Dimissa
392 3095 1236 3194 sunttibipeccatatua(Mrrrr.9,1·13).

152 3198 255 3292 Vide,
269 3199 354 3296 quid
372 3201 459 3274 fides
477 3199 627 3274 aliorum
647 3199 727 3272 aliis
740 3200 929 3296 praestitit.
944 3203 1001 3276 Ab
1018 3201 1096 3297 ipso
1115 3223 1239 3296 aegro·

153 3306 189 3372 to
207 3303 313 3376 fidem
331 3328 403 3377 non
421 3304 625 3402 postulavit,
643 3304 726 3400 quia
743 3304 901 3377 aedificio
915 3305 1093 3378 destructo
1112 3304 1239 3378 similis

154 3413 189 3479 ct
206 3407 262 3479 sui
279 3405 391 3504 ipsius
408 3409 503 3482 haud
521 3408 678 3482 conscius
693 3414 779 3502 erat,
797 3409 1092 3504 quemadmodum
1109 3432 1175 3481 nec
1192 3412 1237 3484 ab

150 3509 210 3582 illo
223 3511 328 3584 unico
346 3512 418 3584 filio
433 3512 448 3560 ²
466 3512 600 3609 aliquid
618 3511 741 3608 exigit,
766 3513 868 3585 seda
890 3519 990 3609 patre
1009 3514 1096 3610 ejus,
1123 3537 1238 3609 nequa

152 3617 194 3688 ab
219 3615 283 3687 illa
308 3615 392 3711 filia,
419 3617 481 3689 sed
507 3622 665 3690 amatre
693 3615 926 3714 Chananitide
962 3616 1123 3689 dicente:
1158 3619 1239 3690 “Et

153 3741 254 3793 canes
273 3719 507 3798 satiantur⁵„.
535 3720 632 3794 Oura
657 3743 742 3816 ergo
769 3721 815 3794 sit
840 3719 935 3794 tibil
954 3719 1078 3794 salutis
1097 3721 1236 3794 animae
1320 3716 1323 3723 ’

230 3915 258 3972 l.
279 3914 325 3973 Of.
337 3915 454 3974 Murra.
477 3919 523 3990 16,
538 3917 586 3973 22.
604 3913 787 3974 Armeniaca
799 3933 861 3974 vox
881 3914 973 3990 vulgo
992 3913 1170 3992 “expiares
1198 3915 1237 3972 si-

154 3992 286 4068 gnificat,
296 3994 354 4052 hoc
365 4000 468 4054 autem
477 3995 557 4070 loco,
568 3997 603 4051 ut
614 3997 645 4052 et
657 3993 737 4054 infra
747 3996 804 4053 209
815 3995 895 4052 idem
907 3999 955 4052 est
968 3994 1049 4070 quod
1063 4000 1150 4070 ...μὲι
1159 4021 1236 4070 42¹⁰·-

151 4077 217 4148 Ltff
231 4071 542 4134 dissimillimum.
604 4119 606 4123 -

232 4153 261 4208 2.
277 4149 389 4212 Confer
402 4152 475 4212 Luc.
490 4157 517 4228 9,
532 4155 579 4228 38,
600 4151 653 4211 ubi
667 4167 745 4229 puer
758 4150 974 4212 daemoniacus
988 4152 1061 4230 post
1073 4150 1235 4228 transfigu-

155 4229 301 4290 rationem
316 4234 448 4304 sanatus
459 4248 472 4279 a
484 4233 626 4307 μονογενής
639 4263 653 4294 a
669 4234 809 4291 vocatur.

229 4312 258 4369 3.
278 4309 395 4370 Maras.
411 4311 457 4384 15,
472 4314 521 4371 26.
549 4330 552 4336 ·

167 4418 170 4424 ,
231 4390 260 4446 4.
280 4388 366 4450 Haeo
381 4392 477 4450 verba
496 4391 586 4452 modo
608 4387 831 4469 deprecationis
845 4388 884 4448 ad
898 4387 1054 4449 Christum
1074 4387 1156 4447 diota
1170 4387 1234 4446 exi·

156 4465 254 4528 stimo-
1060 4505 1064 4516 ,
