3292 5202
359 517 426 592 per
437 490 475 566 id
487 491 581 590 quod
594 489 799 586 addebatur,
808 512 939 564 novum
954 487 1055 588 quasi
1069 487 1221 564 colorem
1235 495 1271 564 et
1285 489 1443 588 vigorem

363 598 510 694 accepit,
529 598 620 670 sicut
636 620 728 693 aqua
740 617 911 668 conversa
927 595 966 667 in
982 594 1104 668 vinum
1115 595 1139 666 ¹.
1155 595 1272 683 Quare
1288 619 1353 668 nos
1371 618 1445 668 om-

360 725 425 774 nes
443 701 567 775 relicto
594 700 731 774 delectu
749 699 898 772 aliorum
914 699 1092 772 hominem
1110 698 1265 796 quotidie
1282 705 1445 772 nostrum

362 804 638 877 emolumentum
655 823 875 904 quaeramus.
888 803 945 876 Ne
960 800 1215 896 existimemus,
1229 801 1364 898 aliquid
1379 827 1445 900 per

360 931 425 981 nos
439 908 569 980 factum
584 931 674 1001 esse,
693 906 755 980 sed
770 905 887 978 omnia
899 911 1044 1002 propter
1056 929 1121 979 nos
1138 906 1232 979 facta
1248 906 1444 1001 credamus,

362 1011 608 1108 quiapropter
626 1033 690 1083 nos
708 1011 905 1106 accepimus
924 1008 1128 1082 mandatum
1142 1009 1315 1106 diligendi
1328 1010 1445 1084 inimi·

296 1113 299 1132 ¹
362 1137 434 1210 cos,
452 1137 524 1188 non
541 1121 659 1187 autem
677 1119 824 1211 propter
842 1136 912 1184 eos.

465 1217 638 1292 Dominus
664 1223 784 1290 noster
801 1223 843 1289 ut
867 1215 983 1289 inians
1001 1215 1146 1290 inermis
1168 1216 1267 1290 venit
1288 1216 1327 1288 in
1343 1241 1445 1291 mun·

362 1319 497 1392 dumet
513 1321 649 1394 nullam
667 1345 713 1394 ex
730 1319 803 1392 illis
820 1319 948 1417 plagis,
975 1319 1103 1417 quibus
1119 1319 1257 1416 priores
1273 1320 1444 1418 populum

361 1424 562 1518 affecerant,
589 1423 641 1497 eis
665 1423 809 1517 inflixit,
832 1424 906 1516 sed,
929 1445 1008 1496 cnm
1029 1446 1089 1496 eos
1105 1423 1237 1498 visibili
1263 1425 1444 1525 sanatione

365 1527 523 1602 devictos
539 1529 585 1600 ad
602 1551 640 1600 se
657 1527 875 1622 adduxisset,
901 1527 1119 1626 spiritualem
1146 1527 1363 1600 sanationem
1389 1530 1441 1603 eis

361 1629 559 1704 immiscere
577 1631 692 1730 coepit
709 1631 853 1704 dicens:
886 1652 901 1688 α
919 1631 958 1706 Si
975 1631 1089 1706 credis
1106 1669 1134 1704 ι.
1162 1631 1255 1720 Quia
1279 1632 1441 1707 omnibus

361 1733 561 1810 doctoribus
578 1733 826 1834 praecellebat,
852 1733 1009 1831 idgquod
1034 1758 1200 1808 mensura
1225 1735 1346 1808 datum
1363 1743 1442 1810 erat

361 1844 399 1910 et
424 1838 461 1910 in
486 1863 653 1914 mensura
677 1841 857 1912 crescebat
883 1845 919 1910 et
939 1862 1003 1935 per
1028 1845 1289 1912 antecessorum
1315 1863 1441 1914 manus

359 1941 530 2014 traditum
547 1943 592 2015 ad
608 1941 724 2040 ipsum
742 1949 964 2040 pervenerat,
991 1965 1061 2038 qua
1085 1942 1236 2015 fructum
1263 1950 1441 2018 maturum

360 2065 403 2116 eo
419 2044 458 2116 in
476 2069 612 2142 sapore,
629 2069 734 2142 quem
753 2045 830 2143 ipse
849 2045 882 2134 ei
899 2045 1086 2139 indiderat,
1105 2045 1294 2119 distribuit.
1322 2045 1440 2134 Quum

359 2145 399 2221 in
415 2149 563 2222 maxilla
587 2173 653 2222 sua
672 2149 898 2242 cruciaretur,
924 2171 1003 2221 cum
1028 2149 1192 2222 mandato
1218 2150 1324 2223 etiam
1351 2172 1441 2247 opus

361 2252 517 2342 ostendit
544 2257 579 2324 et
606 2252 735 2343 docuit,
761 2251 855 2348 quod
874 2252 1138 2350 scriptumest:
1168 2251 1267 2341 “Qui
1288 2254 1443 2350 percutit

359 2355 544 2428 maxillam
562 2363 670 2451 tuam,
686 2356 830 2453 porrige
849 2354 882 2426 ei
901 2364 938 2430 et
955 2355 1103 2429 alteram
1119 2362 1257 2452 partem
1274 2397 1303 2432 a.

465 2457 609 2556 Moyses
635 2483 654 2532 e
682 2459 795 2555 gradu
819 2458 1092 2534 circumcisionis
1121 2482 1180 2532 eos
1207 2461 1335 2534 eduxit
1350 2466 1386 2532 et
1403 2460 1440 2534 in

361 2561 476 2657 gradu
496 2562 657 2660 justitiae
685 2563 875 2636 constituit.
901 2563 958 2637 Ne
983 2568 1140 2660 percute,
1162 2565 1221 2658 ait,
1239 2564 1441 2660 proximum

316 2745 318 2748 ,
360 2671 462 2738 tuum
478 2665 619 2764 injuste,
636 2668 729 2764 quod
744 2667 775 2740 si
789 2665 851 2738 ille
870 2672 905 2738 te
923 2665 1149 2763 percusserit,
1166 2675 1206 2740 tu
1224 2669 1347 2764 exiges
1364 2668 1441 2742 vin-

360 2767 502 2862 dictam,
520 2771 582 2846 sed
594 2772 703 2868 juste.
721 2771 894 2844 Dominus
912 2779 1030 2844 autem
1044 2794 1063 2842 e
1077 2770 1191 2867 gradu
1201 2773 1363 2868 justitiae
1381 2795 1442 2846 eos

361 2872 515 2948 elevavit
533 2882 569 2948 et
585 2874 623 2948 in
640 2875 753 2971 gradu
771 2875 905 2971 gratiae
936 2875 1119 2948 constituit
1139 2875 1281 2954 dicens:
1308 2877 1366 2950 Ne
1384 2899 1443 2950 su-

361 2999 439 3050 mas
456 2978 647 3052 vindictam
666 2979 709 3051 de
728 3002 769 3051 eo
787 2979 848 3074 qui
874 2986 972 3050 tuam
988 2976 1143 3077 percutit
1159 2979 1354 3074 maxillam,
1380 2981 1444 3053 sed

360 3080 504 3200 porrige
523 3082 557 3154 ei
575 3089 611 3155 et
628 3083 786 3156 alteram.
814 3081 884 3170 Qui
910 3104 995 3178 ergo
1021 3080 1219 3156 adhucdum
1238 3106 1284 3156 ex
1301 3083 1400 3158 illa
1385 3109 1444 3182 Ju-

360 3183 460 3256 stitia
484 3185 603 3282 Moysi
627 3192 812 3283 percutere
837 3183 925 3278 vult,
952 3186 1133 3359 perditet
1158 3209 1235 3258 eam
1255 3187 1346 3282 just
1337 3187 1444 3307 tiam,

360 3311 452 3382 quae
470 3311 551 3362 eum
568 3289 752 3363 docuerat:
770 3290 827 3362 Ne
844 3295 968 3386 percut
969 3289 1021 3362 ias
1034 3289 1164 3386 injuste
1129 3289 1355 3364 telsraelita
1367 3292 1444 3390 qui-

361 3389 442 3462 dem
460 3391 653 3465 vindictam
670 3415 812 3465 sumens
830 3393 1030 3466 mercedem
1042 3393 1245 3512 accipiebat,
1264 3393 1346 3490 quia
1358 3402 1444 3470 tuno

360 3493 499 3566 exactio
517 3495 633 3589 fiebat,
607 3501 716 3568 tneo
734 3495 919 3614 culpabilis
942 3498 1130 3594 erat,quia
1146 3497 1356 3616 injustitiam
1372 3522 1444 3572 non

359 3595 510 3670 faciebat
495 3604 520 3671 t.
539 3597 611 3672 Put
596 3605 707 3693 tasne,
730 3621 810 3672 eum
827 3625 888 3696 qm
878 3599 951 3673 ad
969 3623 1140 3674 summam
1157 3608 1250 3698 caprt
1225 3601 1344 3675 talem
1360 3626 1443 3676 usu-

358 3723 437 3774 ram
453 3700 605 3778 foenoris
617 3725 620 3732 ·
632 3725 678 3777 ex
702 3704 769 3777 boo
785 3711 905 3778 nostro
923 3703 1095 3778 dominico
1121 3713 1310 3802 praecepto
1336 3730 1444 3803 super

360 3805 472 3901 addit,
490 3807 717 3880 condonando
734 3808 883 3906 perdere
910 3807 947 3880 id
973 3809 1066 3904 quod
1088 3831 1159 3880 non
1177 3809 1387 3906 exigebatur
1400 3809 1443 3882 ²?

440 3987 468 4044 1.
488 3985 678 4046 Sensusest·
691 3985 1109 4063 Antiquumtestamontum
1100 4003 1166 4045 ms.
1178 3987 1438 4066 Scripturanobis

361 4068 577 4124 conservatum
591 4069 650 4138 est,
669 4083 708 4124 ne
729 4064 838 4124 tacta'
830 4084 862 4122 ιιι
882 4084 919 4126 eo
938 4069 1064 4126 narrata
1075 4063 1302 4160 obliviscamur,
1321 4072 1353 4127 et
1365 4068 1437 4128 reli·

358 4142 480 4219 gionem
494 4143 609 4222 antiqui
631 4143 762 4203 foederis
779 4163 797 4202 a
811 4144 998 4204 revelatione
1012 4143 1083 4205 nori
1096 4139 1273 4206 testamenti
1285 4112 1437 4206 diversam

361 4226 525 4298 putemus·
518 4263 526 4295 ,
539 4239 651 4284 novum
664 4239 738 4282 vero
752 4225 970 4282 testamentum
982 4223 1071 4283 nobis
1086 4223 1184 4300 datur,
1198 4230 1235 4284 ut
1255 4225 1397 4285 relictis
1388 4244 1444 4284 rm-

358 4301 505 4441 pqrfectis
519 4305 551 4361 et
564 4302 750 4362 transitoriis
763 4302 882 4378 antiqui
894 4303 1071 4364 testamenti
1084 4303 1123 4362 ad
1144 4303 1364 4382 perfectionem
1377 4307 1445 4363 ten·

400 4397 466 4442 mus

418 4462 465 4524 2.
485 4458 616 4520 Pulchre
630 4458 958 4540 comparaturmerces
972 4459 1114 4539 justitiae
1135 4478 1204 4522 cum
1227 4479 1345 4524 summa
1357 4459 1439 4541 eapi-
