3344 5200
364 357 432 432 198

363 493 436 576 est
453 489 567 584 (loru.
587 493 620 582 9,
641 488 731 582 1)‚i.
751 512 780 559 e.
800 488 971 582 quamdin
998 487 1095 584 apud
1114 511 1179 558 vos
1207 509 1298 558 curn.
1323 487 1464 560 Veniet.

255 649 257 656 .
363 612 435 662 nox
450 597 486 662 et
503 592 618 664 Filius
636 591 852 664 exaltabitur
871 592 906 664 in
926 591 1044 664 coelos
1062 590 1107 662 ad
1121 589 1266 662 Patrem
1286 613 1403 683 suum,
1417 600 1461 662 et·

362 715 437 788 vos,
452 693 514 788 qui
531 695 596 767 lux
615 695 700 766 estis
720 694 843 766 mundi
858 694 884 787 ¹,
902 695 940 765 in
957 699 1107 766 mortem
1123 692 1311 765 trademini
1325 695 1362 764 et
1378 715 1457 765 ces-

339 798 493 868 sabunt
528 798 632 892 signa
649 800 693 871 ob
723 795 1008 870 incredulitatem
1039 795 1245 870 multorum.
1275 796 1333 868 nt
1358 818 1456 867 cum
1513 820 1517 828 ·

362 897 476 970 haec
503 899 724 993 dixisset,
745 899 875 994 spuit
900 901 947 971 in
975 907 1149 973 terram
1178 905 1224 970 et
1247 898 1366 972 fecit
1389 897 1457 970 lu·

362 1005 457 1073 tum
486 1025 540 1074 ex
567 1010 706 1099 sputo
732 1025 823 1094 suo,
842 1008 878 1074 et
903 1001 987 1073 fecit
1013 1001 1138 1076 oculos
1157 1002 1196 1074 irr
1220 1001 1287 1074 hoc
1313 999 1389 1072 luto
1416 1007 1454 1072 et

362 1101 429 1175 lux
443 1111 521 1176 orta
535 1120 589 1178 cst
602 1106 639 1176 in
651 1107 770 1198 humo,
785 1105 876 1176 sicut
890 1111 929 1176 et
938 1108 982 1178 ab
1000 1105 1101 1179 initio
1114 1105 1208 1198 fecit,
1221 1104 1363 1200 quando
1375 1126 1456 1175 urn-

362 1207 428 1278 bra
445 1207 623 1280 coelorum
643 1208 718 1280 sive
736 1210 905 1280 tenebrae
925 1231 1035 1304 supra
1050 1230 1174 1281 omncs
1191 1231 1250 1280 res
1267 1207 1454 1304 dispersae

358 1316 477 1404 erant,
497 1317 532 1383 et
549 1311 757 1383 mandatum
775 1309 873 1382 dedit
890 1311 963 1382 luci
976 1317 1116 1384 etnata
1133 1318 1189 1382 est
1206 1334 1253 1382 ex
1282 1309 1454 1382 tenebris.

249 1502 251 1506 .
363 1411 422 1483 lta
440 1420 476 1484 ct
491 1413 552 1506 hle
569 1414 634 1486 lux
652 1437 696 1485 ex
717 1421 820 1510 sputo
839 1413 951 1510 ipsius
970 1421 1089 1486 creata
1106 1414 1283 1486 defectum
1304 1412 1455 1485 creatio-

362 1515 431 1609 nis,
446 1539 537 1612 quae
552 1525 628 1590 crat
641 1521 685 1591 ab
704 1515 817 1610 initio,
831 1517 1034 1614 complevit,
1052 1525 1092 1590 ut
1107 1517 1335 1614 patefaceret,
1348 1517 1464 1610 quod,-

361 1617 453 1690 siout
479 1619 637 1692 defectus
663 1626 811 1693 naturae
838 1644 904 1715 per
929 1621 1046 1718 ipsum
1072 1620 1328 1716 complebatur,
1349 1619 1456 1690 itaet

359 1719 439 1816 ipsa
470 1729 637 1821 creatura
665 1722 851 1816 originalis
868 1725 913 1796 ab
943 1723 1022 1819 ipso
1047 1724 1205 1818 perfecta
1226 1729 1263 1793 et
1290 1745 1456 1794 consum·

247 1843 251 1849 ·
359 1831 456 1896 mata
474 1831 538 1898 est.
558 1825 652 1912 Quia
669 1825 814 1898 credere
832 1827 1035 1918 noluerunt,
1051 1827 1243 1898 Dominum
1262 1848 1341 1898 esse
1368 1832 1455 1898 ante

359 1925 554 2022 Abraham,
572 1929 640 2000 hoc
658 1952 747 2024 opus
767 1929 820 2000 eis
838 1929 1091 2024 comprobavit,
1109 1929 1226 2024 ipsum
1242 1951 1320 2000 esse
1337 1927 1452 2000 lilium

358 2028 435 2124 ejus
454 2031 514 2125 qui
540 2033 741 2128 peripsum
760 2055 805 2102 ex
835 2038 933 2105 terra
963 2031 1047 2102 fecit
1076 2031 1256 2104 Adamum
1283 2031 1454 2127 primum,

358 2131 443 2226 quia
459 2133 497 2204 id
514 2135 607 2228 quod
624 2134 707 2206 huic
725 2133 921 2228 deficiebat,
939 2157 1005 2230 per
1022 2134 1169 2208 humum
1196 2133 1388 2229 complevit
1413 2143 1451 2205 et

355 2234 514 2328 perfecit.
1164 2329 1166 2331 Ι
1360 2302 1364 2308 .
1402 2258 1421 2308 ,·

460 2337 601 2412 Rursus
620 2339 657 2412 id
684 2337 778 2429 lecit,
796 2345 839 2412 ut·
864 2361 925 2412 eos
951 2346 1132 2434 argueret,
1148 2341 1209 2436 qui
1235 2337 1367 2432 dicunt,
1385 2339 1451 2412 ho-

354 2439 487 2513 minem
507 2465 552 2512 ex
571 2449 722 2538 quatuor
741 2440 927 2514 elementis
945 2450 1119 2515 constare.
1138 2441 1324 2516 Formavit
1348 2441 1444 2514 enim

354 2566 400 2614 ex
419 2549 517 2616 terra
536 2553 571 2616 et
589 2551 694 2642 sputo
713 2544 749 2615 id
767 2545 861 2639 quod
880 2568 926 2616 ex
943 2547 1113 2618 membris
1135 2545 1328 2618 deficiebat.
1357 2543 1448 2618 Por-

353 2667 393 2715 ro
413 2646 458 2716 ad
478 2669 599 2720 corum
618 2648 810 2720 utilitatem
827 2649 894 2720 hoc
912 2647 1006 2739 fecit,
1021 2649 1104 2743 quia
1122 2649 1226 2742 signa
1239 2669 1300 2720 eos
1318 2649 1448 2721 exhor-

353 2750 521 2821 tabantur
549 2759 584 2823 et
610 2752 716 2824 fidem
743 2774 803 2822 cos
832 2749 1015 2822 docebant.
1046 2774 1060 2808 u
1086 2750 1226 2846 Judaei,
1253 2751 1318 2844 ait,
1342 2751 1447 2845 sigua

263 2855 266 2861 “
353 2861 529 2946 quaerunt
543 2855 569 2926 ².
589 2855 673 2928 Non
691 2853 783 2924 cuim
808 2853 904 2926 Siloe
927 2853 1034 2926 solvit
1052 2851 1172 2926 oculos
1190 2854 1295 2948 caeci,
1313 2861 1353 2925 ut
1379 2877 1446 2926 neo

350 2977 463 3049 aquae
502 2958 670 3030 Jordanis
710 2957 871 3028 Naaman
908 2963 1099 3050 sanarunt,
1135 2958 1199 3028 sed
1237 2955 1445 3046 mandatum

267 3144 273 3148 .
353 3055 488 3130 Christi
507 3060 573 3132 hoc
601 3059 726 3132 effecit.
753 3059 867 3130 Immo
887 3066 923 3130 et
948 3083 1041 3154 aqua
1058 3059 1273 3155 expiationis
1299 3067 1442 3132 nostrae

349 3183 421 3232 non
440 3162 519 3258 ipsa
538 3163 746 3253 sanctificat,
768 3161 829 3232 scd
848 3161 1004 3255 nomina,
1018 3186 1109 3258 quae
1127 3186 1239 3258 super
1253 3185 1331 3235 eam
1349 3185 1443 3236 coln·

348 3274 603 3360 memorantur,
621 3267 709 3338 baec
738 3288 803 3337 nos
833 3265 981 3360 expiant
994 3263 1020 3338 5.
1052 3265 1146 3338 Luto
1165 3288 1251 3361 ergo
1279 3265 1445 3338 oblinivit

349 3366 469 3440 oeulos
490 3369 577 3463 ejus,
596 3375 636 3440 ut
657 3367 766 3440 ceteri
786 3369 991 3440 caecitatem
1018 3369 1134 3440 cordis
1160 3368 1216 3440 sui
1242 3369 1440 3442 abluerent.

347 3465 397 3537 Et
427 3493 535 3564 quum
567 3493 691 3542 caecus
722 3471 981 3565 interrogaret,
1013 3494 1077 3566 per
1108 3471 1245 3543 medios
1276 3471 1439 3544 homines

347 3567 498 3642 ductus:
521 3596 535 3630 u
553 3572 626 3646 Ubi
644 3579 698 3644 est
725 3571 821 3644 Siloe
837 3611 866 3664 a,
885 3572 977 3644 ethi
999 3571 1212 3669 lutumque
1240 3573 1335 3646 oculi
1361 3576 1439 3670 ejus

346 3671 485 3745 obliuiti
513 3681 625 3768 eraut,
645 3675 902 3770 conspicerent,
920 3675 989 3770 ipsi
1016 3697 1132 3766 exeo
1160 3683 1372 3771 quaerentes
1400 3684 1437 3748 et

346 3776 391 3847 ab
411 3798 452 3846 co
483 3777 598 3849 edocti
630 3778 821 3851 dixerunt:
857 3779 1152 3874 cogitaramus
1183 3802 1262 3850 cum
1293 3803 1335 3850 eo
1353 3819 1382 3873 a,
1401 3786 1438 3854 et

344 3877 519 3973 abierunt,
546 3889 585 3952 ut
616 3881 789 3975 viderent,
820 3886 940 3954 utrum
971 3905 1057 3955 vere
1088 3881 1179 3952 oculi
1210 3884 1287 3980 ejus
1318 3883 1436 3980 aperi·

343 3985 507 4073 rentur..
1004 4009 1007 4016 ’

444 4085 615 4158 Externis
635 4087 748 4162 oculis
762 4085 926 4160 videntes
945 4085 1127 4158 duxerunt
1149 4086 1186 4160 in
1205 4090 1264 4162 via
1280 4085 1435 4183 caecum,

419 4260 445 4314 1.
466 4233 608 4330 Murmb,
625 4260 670 4314 14.
708 4265 710 4269 ’

415 4338 443 4391 2.
465 4333 569 4392 IOoa.
587 4338 614 4408 1,
629 4337 676 4392 22.
1086 4387 1089 4392 .

380 4435 382 4441 ·
416 4416 444 4468 3.
466 4409 515 4468 Ad
529 4413 675 4473 verbum:
696 4413 781 4474 Haec
796 4414 872 4474 liunt
886 4415 1064 4494 expiatores
1080 4417 1191 4478 nostri.
