3344 5200
357 363 427 435 246
1235 433 1242 447 ,

355 493 442 567 Dei
469 500 572 566 erat
598 495 681 566 hic.
713 491 918 586 Vidistine,
950 485 1119 589 quamdiu
1152 495 1319 568 tenebrae
1357 492 1454 566 circa

358 593 556 670 exteriores
583 596 703 668 oculos
731 619 854 668 eorum
882 585 1196 689 condemnarentur,
1215 597 1382 669 tenebras
1404 597 1453 668 ab

357 699 587 794 interioribus
614 721 736 771 eorum
755 697 1028 792 cogitationibus
1053 723 1125 772 non
1144 722 1224 771 esse
1251 695 1410 773 sublatas
1424 695 1454 789 ¹,

343 802 442 899 ¹quia
467 801 709 878 obtenebratis
737 801 852 895 caligo
872 807 927 873 est
953 799 1137 875 naturalis.
1164 800 1254 874 Illae
1280 802 1452 874 tenebrae
1480 843 1485 848 -

359 927 420 977 eos
448 905 664 997 docuerunt,
690 925 781 1000 quae
809 909 906 976 esset
939 900 1182 978 obtenebratio
1219 903 1317 979 illius
1352 901 1452 994 solis,

359 1030 466 1103 quem
484 1007 580 1080 cruci
607 1006 808 1081 affixerant.
837 1005 989 1093 Quando
1013 1007 1066 1078 sol
1086 1007 1250 1104 justitiae
1277 1027 1453 1102 apparue-

358 1116 426 1204 rat,
443 1109 607 1206 leprosos
634 1107 810 1184 mundans
841 1115 878 1180 et
903 1131 1087 1182 caecorum
1119 1109 1239 1182 ocrrloa
1274 1107 1454 1204 aperiens,

358 1235 425 1307 per
442 1212 548 1284 istam
575 1211 691 1287 lucem
714 1209 810 1284 caeci
836 1233 908 1282 non
931 1220 1175 1307 cognoverunt
1200 1233 1324 1306 regem
1349 1209 1452 1282 urbis

358 1313 660 1410 Ierosolymurum
678 1313 830 1398 venisse.
849 1311 966 1401 Quum
987 1322 1106 1389 autem
1126 1315 1178 1388 eis
1197 1314 1250 1386 ao]
1277 1311 1455 1384 naturalis

362 1416 562 1510 defecisset,
580 1423 665 1489 tunc
681 1439 746 1513 per
763 1415 851 1488 istas
878 1419 1045 1491 tenebras
1072 1418 1124 1492 eis
1150 1416 1308 1490 lucidum
1334 1413 1454 1507 fiebat,

362 1519 542 1592 excidium
559 1520 659 1592 urbia
678 1539 763 1590 auae
781 1518 981 1592 advenisse.
1002 1521 1231 1612 “Venerunt
1245 1518 1306 1610 ait,
1318 1517 1457 1615 judicia

362 1621 551 1696 dirutionis
577 1617 875 1716 lerosolymorum
894 1659 910 1694 a
926 1621 953 1694 ².
980 1623 1073 1712 Quia
1098 1624 1218 1719 itaque
1244 1621 1333 1694 haec
1367 1621 1456 1694 urbs

361 1747 433 1798 non
451 1725 586 1821 recepit
604 1748 685 1796 eum
703 1722 765 1819 qui
791 1745 868 1795 eam
895 1723 1154 1819 aedificaverat,
1174 1725 1334 1798 restabat
1352 1722 1397 1816 ei,
1414 1729 1457 1794 ut

362 1827 502 1902 ruinam
522 1851 622 1900 auam
641 1827 780 1900 videret
791 1824 818 1898 ³.

465 1929 537 2002 Sed
549 1930 587 2002 in
604 1931 762 2003 futurum
779 1951 826 2000 ne
842 1928 910 2000 hoc
926 1929 1068 2024 quidem
1091 1929 1169 2024 tibi,
1183 1951 1204 2000 0
1224 1927 1376 2022 Judaee,
1398 1949 1456 2020 re,-

362 2037 434 2105 stat
451 2031 586 2124 videre,
604 2032 688 2128 quia
706 2032 830 2104 urbem
849 2037 947 2102 tuam
967 2033 1045 2128 jam
1063 2031 1219 2105 dirutam
1238 2037 1275 2103 et
1292 2031 1455 2104 destruc·

360 2138 434 2207 tam
465 2134 598 2208 vidisti.
629 2135 727 2228 Ergo
744 2155 826 2203 cum
857 2135 943 2208 urbs
969 2141 1033 2206 tua
1063 2134 1182 2208 diruta
1207 2141 1243 2206 et
1273 2132 1456 2206 destructa

365 2235 412 2308 ait
425 2234 453 2330 1,
472 2259 494 2308 9
513 2236 632 2308 diruta
648 2242 685 2307 et
703 2235 885 2309 destructa
904 2243 965 2309 tua
982 2239 1070 2311 urbe
1092 2237 1200 2330 disce,
1218 2235 1299 2332 quis
1316 2235 1378 2308 ille
1396 2233 1454 2328 sit,

363 2338 426 2433 qui
444 2338 630 2411 ecclesiam
648 2336 834 2434 plantavit.
852 2337 901 2410 Et
918 2361 964 2412 ex
978 2362 1024 2412 eo
1042 2340 1137 2436 quod
1155 2339 1220 2412 filii
1237 2338 1455 2413 1111111911-

363 2440 476 2514 salem
493 2440 531 2514 in
549 2460 672 2513 omnes
689 2439 850 2512 nationes
876 2442 1038 2536 gentium
1056 2442 1210 2540 dispersi
1228 2450 1268 2516 et
1291 2440 1455 2536 dissipati

363 2550 458 2638 sunt,
476 2543 585 2636 disce,
604 2543 683 2640 quis
710 2542 772 2615 1119
792 2543 850 2636 sit,
868 2543 930 2640 qui
956 2567 1080 2618 omnes
1105 2547 1268 2618 nationes
1294 2543 1456 2640 gentium

361 2645 398 2717 in
426 2647 507 2718 sinu
535 2643 704 2719 ecciesiae
731 2645 878 2741 collegit
897 2654 934 2720 et
958 2649 1203 2744 congregavit.
1231 2649 1270 2723 81
1291 2647 1360 2720 tibi
1382 2670 1456 2720 non

361 2749 556 2844 persuadet
586 2749 684 2821 sinus
710 2749 907 2842 maritatae,
926 2773 1016 2846 quae
1045 2751 1180 2824 semine
1207 2754 1332 2826 orbata
1359 2749 1460 2843 9111,

361 2849 427 2926 tibi
452 2851 668 2948 persuadeat
694 2850 794 2926 ainus
821 2851 966 2945 sterilis,
993 2877 1085 2949 quae
1113 2845 1299 2948 gravidata
1322 2852 1457 2926 foetum

360 2961 481 3048 portat
494 2954 520 3026 ⁶.
539 2956 591 3028 At
610 2953 641 3025 si
659 2953 936 3026 destructionem
955 2962 991 3028 et
1019 2956 1160 3028 ruinam
1186 2956 1286 3028 illius
1310 2977 1383 3026 non
1400 2954 1453 3027 vi:

361 3056 437 3150 des,
463 3057 596 3132 foetum
615 3078 756 3153 quoque
783 3063 819 3128 et
844 3063 987 3152 partum
1015 3057 1121 3156 hujus
1145 3057 1210 3130 vix
1235 3057 1386 3132 videbis.
1414 3051 1454 3130 81

360 3181 445 3232 vero
471 3159 571 3232 illam
606 3158 823 3232 destructam
850 3165 887 3230 91
913 3160 1095 3234 viduatam
1120 3160 1244 3255 vides,
1271 3181 1393 3241 nonne
1417 3168 1456 3232 ct

360 3260 453 3334 hano
478 3263 681 3336 maritatam
701 3268 737 3333 et
762 3261 847 3334 filiis
862 3269 1004 3337 auctam
1021 3263 1187 3338 videbis?
1206 3263 1301 3352 Quid
1318 3262 1384 3336 tibi
1400 3261 1454 3335 vi·

259 3435 268 3452 ,
359 3363 463 3439 detur
481 3365 589 3439 istum
616 3364 732 3436 locum
761 3364 967 3460 Scripturae
994 3366 1152 3462 legenti:
1174 3389 1189 3424 4
1210 3367 1340 3440 Plures
1356 3358 1451 3438 ‘facti

360 3473 444 3539 sunt
470 3467 535 3540 filii
561 3467 747 3560 viduatae,
774 3491 881 3562 quam
908 3467 1122 3544 maritatae„
1138 3467 1166 3542 ⁷,
1192 3471 1240 3543 Et
1266 3469 1297 3542 si
1323 3491 1453 3542 sensus

439 3713 465 3770 1.
487 3711 513 3770 Ι.
527 3731 555 3772 9.
570 3715 672 3772 subito
686 3733 746 3773 uon
762 3721 832 3773 sunt
847 3717 997 3776 sublatae·
1013 3719 1104 3779 Modo
1119 3721 1198 3778 euim
1215 3719 1312 3777 dixit:
1334 3719 1450 3776 “Mena

358 3807 462 3848 eorum
477 3793 693 3866 paullatim„
712 3793 813 3869 coepit
827 3794 1000 3854 illuminari.
1413 3833 1417 3836 ·

436 3870 464 3926 2.
486 3868 532 3926 cf.
545 3869 621 3928 Dar.
635 3874 664 3941 9,
680 3873 696 3927 2
711 3871 760 3928 191
773 3871 851 3930 Dav.
866 3876 894 3946 9,
909 3877 958 3932 26.

434 3951 463 4004 3.
484 3947 589 4006 Verba
602 3949 693 4026 hujus
706 3951 877 4008 sententiae
892 3952 936 4011 sic
951 3970 985 4010 aa
1000 3953 1134 4012 habent:
1148 3953 1234 4012 Haec
1258 3953 1353 4027 igitur
1372 3951 1451 4008 urbs

356 4045 418 4086 nou
429 4026 565 4101 suscepit
578 4045 645 4084 eum
661 4027 712 4102 qui
727 4046 794 4084 eam
808 4029 1035 4101 aedificaverat,
1049 4031 1146 4091 instat
1158 4034 1215 4091 tibi
1228 4031 1344 4107 videre,
1363 4029 1448 4105 quod

355 4109 386 4164 te
400 4103 546 4164 eradicat.
561 4106 590 4164 8.
605 4111 715 4164 auctor
727 4105 840 4164 ultimis
855 4107 959 4166 verbis
973 4108 1081 4168 urbem
1096 4111 1209 4186 alloqui
1223 4111 1355 4170 videtur.

434 4187 460 4239 4.
486 4182 571 4241 Haec
588 4183 743 4241 sententia
758 4202 797 4242 ex
810 4184 877 4244 cod.
891 4186 916 4243 B
931 4187 1048 4247 inserta
1062 4191 1121 4246 est.

433 4263 462 4318 5.
483 4260 509 4317 Ι.
524 4274 551 4318 e.
565 4261 738 4338 Synagoga.

430 4342 457 4396 6.
479 4337 503 4395 Ι.
519 4357 546 4396 9.
561 4338 710 4398 Ecclesia·
901 4357 908 4363 ·

431 4419 459 4474 1.
480 4416 554 4476 Gru.
570 4421 598 4494 4,
612 4419 649 4477 27
666 4419 697 4478 91
711 4417 753 4478 Is.
768 4416 816 4493 54,
833 4419 858 4476 1.
