3344 5200
1220 387 1235 416 ,-
1255 339 1323 413 187

232 462 321 534 liunt
336 471 384 536 'et
409 460 532 536 lolium
559 456 678 558 prodit
704 467 741 532 et
768 461 955 557 germinat,
975 462 1073 537 scitis
1091 463 1187 561 quod
1212 489 1324 563 prope

233 572 288 636 est
306 573 423 638 aestas
441 603 456 639 ι
475 564 499 637 ⁴.
518 564 623 657 Vide,
638 562 734 660 quod
751 570 897 660 propter
915 566 1066 640 multum
1084 567 1271 642 humorem
1289 576 1326 640 et

232 667 387 762 primum
417 665 541 740 florem
559 665 625 738 fico
643 665 680 737 in
696 665 765 740 hoc
795 666 898 761 signo
916 676 1087 764 usus-est,
1106 675 1142 742 et
1160 671 1235 745 vim
1263 695 1325 768 po-

210 769 362 842 tentiae
390 769 466 868 ejus
491 769 685 866 perpende,
706 778 747 840 ut
772 791 929 864 superna
953 769 1068 845 virtus
1095 775 1327 870 comprobata

230 879 412 968 appareat.
430 871 604 945 Dominus
622 871 669 944 ad
686 885 758 965 eoo,
777 871 838 966 qui
861 895 942 944 eum
968 875 1325 972 comprehenderunt,

233 997 395 1048 ossuum
420 999 492 1048 non
518 975 669 1070 aperuit,
699 973 803 1048 sicuti
830 983 1020 1070 aperuerat
1049 978 1095 1050 ad
1122 977 1324 1052 ficulneam.

231 1075 429 1175 Propterea
444 1079 536 1151 hanc
551 1077 634 1150 fecit
651 1098 824 1170 arescere,
841 1083 882 1148 ut
901 1077 1089 1152 Israelitae
1117 1081 1325 1154 refloresce-

231 1187 324 1273 rent,
343 1181 405 1254 sed
430 1179 633 1254 noluerunt.
659 1179 918 1274 Apprehensus
945 1187 1011 1275 est,
1028 1183 1113 1278 quia
1130 1183 1255 1277 voluit,
1284 1191 1324 1255 ut

232 1283 331 1356 etde
349 1283 448 1356 coelo
464 1283 574 1372 venit,
594 1281 678 1378 quia
695 1281 728 1353 ei
746 1279 890 1377 placuit.
1081 1277 1089 1290 '

230 1411 233 1418 ·
335 1385 521 1483 Scriptura
538 1390 672 1478 narrat,
691 1383 880 1478 Adamum,
898 1393 1087 1481 postquam
1100 1388 1271 1486 peccavit,
1289 1395 1327 1461 et

236 1487 360 1584 gloria,
377 1513 449 1586 qua
464 1487 615 1561 vestitus
645 1493 733 1579 erat,
752 1485 951 1561 denudatus
969 1495 1035 1582 est,
1057 1488 1152 1563 foliis
1179 1491 1237 1563 fici
1254 1501 1327 1564 'nn-

235 1589 383 1664 ditatem
405 1614 506 1666 suam
532 1590 677 1663 texisse.
695 1589 806 1662 Venit
832 1612 918 1686 ergo
943 1591 1118 1665 Dominus
1140 1600 1176 1666 et
1195 1616 1260 1690 pro
1277 1596 1327 1668 A·

181 1760 183 1764 ,
237 1692 343 1766 damo
362 1695 557 1768 cruciatum
575 1691 730 1784 sustulit,
749 1698 789 1764 ut
805 1691 956 1767 vulnera
974 1701 1010 1765 et
1027 1695 1153 1790 plagas
1176 1698 1253 1793 ejus
1271 1719 1326 1768 sa·

236 1802 341 1870 naret
358 1805 394 1870 et
411 1803 549 1871 vestem
576 1795 710 1890 gloriae
736 1795 891 1868 nuditati
908 1797 985 1892 ejus
1012 1797 1228 1871 restitueret.
1254 1799 1326 1871 lta-

236 1921 306 1994 que
324 1899 430 1972 tlcum
448 1899 604 1991 arefecit,
622 1906 662 1970 ut
675 1897 964 1992 declararet,non
977 1899 1131 1996 emplius
1145 1924 1235 1998 opus
1248 1924 1328 1974 esse

223 1999 330 2075 *foliis
355 2001 545 2095 ficulneae,
580 2001 708 2096 quibus
738 2001 900 2074 Adamas
935 2003 1139 2098 vestiretur,
1169 2003 1252 2099 quia
1282 2003 1357 2076 ad-

235 2104 425 2198 pristinam
443 2105 594 2200 gloriam
621 2103 788 2177 reductus
808 2110 875 2197 est,
906 2127 1013 2200 quam
1035 2125 1145 2200 quum
1169 2105 1328 2202 haberet,
1401 2183 1405 2188 ,

236 2227 303 2278 nec
330 2207 427 2280 foliis
445 2206 642 2302 indigebat,
660 2228 727 2277 nec
739 2207 899 2282 vestibus
913 2207 1084 2304 pelliceis.
1103 2209 1245 2282 Exhinc
1260 2209 1328 2304 igi·
1445 2297 1451 2312 Ι

237 2316 296 2382 tur
312 2310 417 2383 homo
435 2333 507 2383 non
520 2332 610 2406 opus
628 2309 736 2382 habet
753 2311 880 2382 arbore
894 2309 972 2404 fic0,
985 2333 1076 2407 quae
1094 2313 1249 2384 arefacta
1262 2319 1328 2404 est,

236 2412 335 2508 cujus
353 2413 449 2507 folia,
467 2413 581 2485 donec
596 2409 722 2485 viridis
740 2418 846 2506 esset,
864 2413 976 2486 vestis
999 2419 1102 2486 erant
1119 2414 1266 2510 pudoris
1292 2423 1329 2488 et

235 2519 481 2610 tegumentum
502 2513 685 2612 opprobrii
701 2512 787 2608 ejus.

342 2618 484 2691 Nemo
524 2615 747 2692 ascendit
786 2615 833 2688 in
872 2615 1063 2711 coelum,
1103 2617 1210 2712 nisi,
1250 2621 1328 2715 qui

239 2717 489 2793 descendit
515 2719 568 2792 de
595 2717 899 2810 coelo,filius
925 2719 1275 2816 hominis(Ionn.
1295 2727 1329 2816 3,

238 2822 351 2917 1-14).
370 2823 546 2912 Quoniam
574 2821 717 2916 signum
735 2823 779 2894 ab
798 2844 840 2894 eo
857 2825 1036 2918 petebant,
1059 2823 1110 2901 ait
1136 2823 1212 2895 eis:
1239 2825 1328 2897 Ita-

237 2945 324 3018 que
352 2925 391 2999 si
417 2932 616 2998 terrena
641 2922 748 2996 dixi
774 2923 909 2998 vobis
937 2931 982 2996 et
1008 2948 1096 2998 non
1125 2915 1328 3004 credidi-

238 3027 340 3121 stis,
367 3027 606 3126 qnomodo,
646 3026 687 3100 si
713 3025 950 3101 coelestia
976 3027 1144 3100 dixero
1178 3029 1328 3123 vobis,

224 3130 483 3204 credetis?
521 3131 578 3203 Et
602 3152 733 3204 nemo
760 3128 776 3176 ²
816 3130 1036 3205 ascendit
1062 3129 1328 3227 incoelum,

237 3229 405 3306 nimirum
422 3241 462 3307 ut
479 3233 618 3307 veniret
637 3238 673 3304 et
690 3231 778 3304 mihi
795 3231 891 3327 apud
908 3256 972 3306 vos
989 3232 1092 3306 testis
1110 3240 1215 3306 esset.
1238 3235 1327 3308 Por·

238 3357 278 3406 rc
311 3335 396 3432 quia
425 3336 540 3429 scivit,
571 3334 743 3433 quosdam
775 3334 932 3410 dicturos
963 3359 1054 3429 esse,
1084 3359 1228 3410 carnem
1257 3360 1330 3412 non

238 3439 487 3530 ascenderel,
513 3439 563 3513 ait
593 3440 669 3512 eis:
704 3461 720 3496 u
745 3437 853 3511 Nisi
878 3439 958 3536 qui
984 3439 1236 3512 descendit
1274 3441 1328 3514 de

236 3541 371 3615 coelo
389 3582 416 3617 ι.
448 3545 532 3616 Non
558 3542 653 3638 quod
684 3564 830 3638 corpore
850 3539 1044 3615 Christusl
1065 3543 1110 3614 de
1141 3542 1240 3615 coelo
1267 3543 1327 3616 de-

223 3644 387 3734 scendit,
406 3646 469 3718 sed
487 3643 571 3740 quia
588 3644 770 3740 conceptio
797 3643 933 3718 Mariae
950 3666 1023 3716 non
1040 3668 1087 3718 ex
1105 3645 1240 3718 semine
1265 3646 1328 3720 ho-

230 3743 342 3819 minis
368 3745 462 3820 sacta
479 3754 544 3840 est,
564 3747 627 3820 sed
644 3745 793 3849 quriel
821 3745 1006 3820 descendit
1031 3746 1076 3820 de
1095 3747 1205 3844 coelo,
1227 3747 1327 3823 illam

316 4012 342 4066 1.
363 4009 464 4070 Mars.
478 4013 527 4084 24,
542 4011 591 4068 32.
820 4084 822 4086 Ι

314 4092 342 4146 2.
363 4089 413 4150 Sic
426 4089 457 4147 in
471 4089 538 4148 cod.
552 4089 586 4146 B.
600 4087 638 4145 In
653 4087 721 4146 cod.
736 4088 783 4148 A:
797 4087 836 4146 nt
850 4105 939 4149 nemo
954 4089 1012 4162 est,
1027 4089 1079 4166 qui
1092 4088 1243 4151 ascendit.

314 4169 343 4224 3·
363 4167 487 4228 Scilicet
500 4167 531 4224 in
547 4165 674 4226 coelum.
748 4166 751 4172 '

314 4246 342 4302 4.
363 4247 413 4305 Ita
426 4247 456 4303 in
479 4245 546 4306 cod.
561 4245 595 4302 B.
617 4245 654 4302 In
670 4243 795 4304 codd:
817 4245 885 4306 Non
907 4245 989 4321 quod
1011 4261 1121 4321 corpus
1142 4242 1256 4302 Christi
1277 4243 1328 4302 de·

227 4321 364 4395 'scendit
387 4325 474 4400 quasi
488 4327 552 4400 jam
568 4326 641 4381 ante
656 4325 888 4402 conceptionem
902 4324 1016 4386 Mariae
1042 4321 1212 4396 extitisset,
1227 4339 1327 4398 noque

233 4419 273 4460 ex
295 4402 411 4462 semine
425 4403 555 4464 hominis
568 4401 635 4462 luit.
