3268 5220
1200 388 1243 460 61

161 515 355 592 Dominus:
375 516 611 592 Dimittuntur
624 516 689 591 tibi
702 525 845 616 peccata
861 519 948 592 tua?
967 518 1136 608 Quamvis
1154 520 1248 594 enirn

160 628 303 719 peccata
320 645 394 694 non
411 621 556 695 dimissa
573 629 702 717 essent,
714 622 805 696 nihil
821 621 1016 720 paralytico
1033 623 1248 718 nocuissent,

160 731 349 824 postquam
368 725 479 798 semel
500 750 522 799 a
546 726 703 800 vindicta
719 750 784 823 per
800 726 1077 801 misericordiam
1094 735 1131 800 et
1146 727 1247 802 boni-

158 836 270 902 tatem
287 830 462 904 liberatus
481 835 567 903 erat.

263 934 406 1006 Rursus
424 956 514 1029 quae
528 939 610 1030 post
625 934 712 1006 hacc
730 933 815 1006 dicit
833 933 1038 1030 Scriptura:
1059 931 1248 1008 “Murmu-

159 1042 241 1109 rant
259 1043 296 1108 et
314 1038 435 1110 dicunt
451 1036 635 1110 Pharisaei
653 1043 689 1108 et
707 1037 871 1113 Scribas:
891 1037 983 1110 Oum
996 1037 1193 1134 publicanis
1211 1046 1248 1113 et

158 1141 406 1236 peccatoribus
433 1140 537 1213 editis
559 1149 594 1214 et
610 1140 742 1215 bibitis.
769 1141 906 1230 Quibus
933 1141 1025 1215 dixit
1050 1141 1247 1215 Dominus:
1317 1200 1319 1204 .

158 1243 244 1318 Non
270 1251 326 1317 est
351 1268 439 1341 opus
465 1245 601 1318 medico
628 1245 734 1338 sanis,
762 1246 825 1320 sed
842 1247 1008 1342 aegrotis,
1027 1251 1063 1318 11
1077 1268 1149 1318 non
1165 1245 1248 1320 veni

159 1369 288 1422 vocare
310 1348 438 1445 justos,
465 1349 528 1421 sed
553 1355 755 1446 peccatores
772 1388 800 1423 n.
825 1350 877 1423 At
901 1350 968 1422 hoc
993 1349 1083 1423 citra
1107 1372 1248 1424 omnem

160 1451 406 1547 quaestionem
424 1459 571 1548 constat,
588 1453 626 1524 in
648 1452 763 1524 medio
788 1453 934 1526 Israelis
961 1477 1064 1527 sanos
1084 1460 1120 1526 et
1130 1453 1247 1550 justos

159 1555 283 1628 fuisse.
302 1557 405 1649 Ecce,
431 1580 503 1628 non
521 1564 575 1629 est
591 1555 830 1654 peregrinus¹
859 1557 959 1632 labor
976 1557 1075 1631 illius
1093 1557 1178 1631 lesu
1195 1557 1247 1630 le-

160 1658 229 1754 gis,
250 1659 313 1755 qui
330 1659 588 1756 defatigabatur
605 1667 751 1758 propter
767 1659 926 1734 homines
954 1667 990 1732 et
1017 1685 1076 1734 eos
1100 1665 1247 1736 sanabat

161 1769 198 1834 et
210 1762 439 1860 justificabat.
458 1765 506 1836 Et
524 1764 554 1837 si
572 1763 723 1860 gentiles
746 1771 857 1858 erant,
883 1763 970 1837 item
995 1765 1156 1839 omnibus
1172 1787 1247 1839 mo·

160 1865 216 1938 dis
234 1867 274 1938 in
291 1873 388 1940 terra
406 1867 570 1946 Creatori
588 1891 651 1940 suo
678 1867 755 1941 sani
782 1874 817 1940 ot
838 1868 930 1965 justi
945 1869 1081 1942 inventi
1100 1875 1193 1962 sunt,
1211 1875 1248 1941 et

161 1993 204 2042 eo
224 1970 286 2067 qui
304 1977 429 2067 postea
440 1971 573 2069 prodiit
586 1969 614 2066 ²,
630 1993 703 2043 non
719 1971 872 2068 amplius
899 1995 987 2068 opus
1008 1979 1073 2068 est,
1091 1973 1175 2070 quia
1193 1995 1248 2046 sa·

161 2074 218 2148 nis
237 2097 309 2146 non
327 2099 415 2172 opus
434 2082 489 2148 est
505 2076 653 2170 medico,
670 2098 736 2146 nec
747 2075 863 2176 justis·
873 2076 997 2172 gratia.

266 2179 380 2252 Omne
398 2179 490 2252 illud
507 2186 659 2276 tempus,
687 2179 780 2276 quod
797 2179 970 2253 Dominus
987 2188 1108 2255 noster
1126 2180 1165 2253 in
1179 2180 1247 2253 hac

160 2287 259 2355 terra
274 2284 460 2380 transegit,
474 2283 629 2356 thalamo
648 2289 828 2380 comparat
853 2290 890 2356 et
915 2307 953 2356 se
970 2285 1089 2381 ipsum
1107 2307 1247 2382 sponso.

160 2385 262 2458 Non
291 2394 491 2483 possunt
526 2385 645 2461 socii
681 2386 889 2485 sponsij
927 2389 1109 2485 junare,
1145 2387 1247 2460 dum

161 2512 365 2586 sponsus
391 2514 487 2564 oum
513 2491 582 2564 eis
609 2489 828 2587 est(Mnac.
847 2493 918 2586 2‚1
945 2492 970 2586 ).
1148 2571 1152 2580 ,

268 2593 387 2666 Ecce
414 2593 647 2692 discipuli
673 2595 743 2667 tui
764 2602 1023 2692 operantur
1049 2595 1123 2670 die
1151 2597 1247 2670 sab-

160 2697 294 2770 bathi
320 2699 440 2794 quod
465 2698 626 2772 facere
652 2721 741 2771 non
767 2699 884 2772 licet
911 2698 1046 2796 (Mira.
1075 2703 1131 2794 12,
1159 2701 1246 2795 1-8).

159 2800 231 2876 Sed
246 2801 347 2899 prius
365 2801 538 2876 Dominus
556 2825 616 2875 eos
629 2803 849 2876 instruxerat
867 2809 903 2874 et
918 2803 956 2876 in
969 2803 1119 2877 veritate
1131 2803 1246 2900 justo-

160 2929 241 2978 rum
259 2913 477 3002 exercuerat,
490 2929 534 2980 ne
547 2907 649 3002 forte,
663 2931 772 3004 quum
779 2905 898 3002 legem
910 2929 975 3004 per
988 2906 1246 3003 plenitudinem

159 3030 260 3081 suam
278 3009 442 3105 solveret,
459 3011 684 3084 mirarentur.
717 3011 787 3085 Sed
805 3017 841 3083 et
858 3008 967 3084 Pater
984 3012 1060 3109 ejus
1078 3033 1156 3083 eam
1174 3010 1246 3083 sol-

160 3111 223 3206 vit,
248 3119 289 3184 ut
314 3115 526 3208 ostenderet,
553 3115 598 3188 ad
625 3138 662 3188 se
688 3115 867 3212 pertinere
885 3115 1098 3188 creationem
1115 3119 1152 3194 11
1168 3114 1246 3190 dari

161 3216 422 3312 providentiam
441 3225 476 3290 et
493 3218 791 3315 dispensationem
808 3217 912 3314 legis,
930 3225 966 3292 et
983 3225 1023 3291 ut
1040 3221 1245 3312 comproba-

160 3325 225 3414 ret,
239 3341 318 3393 eam
335 3321 530 3394 remedium
547 3322 656 3396 fuisse
675 3322 918 3419 separationis,
945 3322 1039 3419 quod
1064 3321 1244 3397 doloribus

158 3423 286 3519 apede
305 3425 480 3527 usquead
497 3433 602 3524 caput
619 3425 756 3499 diffusis
770 3425 785 3472 ³
812 3450 920 3501 verus
942 3425 1099 3499 medicus
1117 3449 1244 3523 propo-

160 3527 240 3600 suit.
269 3527 542 3628 Coeperunt
567 3530 724 3626 spicas
757 3529 968 3604 evellere
995 3536 1040 3602 et
1064 3529 1243 3604 fricare

160 3637 203 3702 et
229 3633 377 3705 edere.
404 3635 477 3707 Hic
495 3633 698 3731 exemplum
717 3640 753 3708 et
769 3657 894 3707 norma
920 3633 1092 3731 quaedam
1116 3633 1244 3707 consti-

159 3739 236 3809 tuta
253 3743 307 3810 est
320 3734 346 3810 ¹⁸.
360 3737 439 3810 Lex
457 3737 551 3810 enim
568 3738 759 3835 prohibuit,
780 3761 827 3810 ne
844 3737 888 3810 de
905 3737 1073 3836 primitiis
1087 3737 1245 3832 ederent,

238 3942 264 4000 1.
284 3941 334 4000 Ita
346 3939 377 3999 in
392 3941 459 4000 ood.
474 3941 509 4000 B.
530 3941 568 4000 In
583 3939 650 4001 cod.
664 3943 693 4002 A
706 3946 738 4002 et
751 3941 782 4001 in
795 3945 885 4002 textu
898 3942 1048 4021 impresso
1060 3964 1068 4004 ε
1081 3945 1162 4003 Doce
1175 3961 1240 4004 non
1276 3982 1279 3988 ·

159 4018 205 4078 ost
221 4020 310 4080 labor
322 4021 367 4078 illi
380 4019 400 4076 J
402 4038 457 4078 esu
469 4021 548 4096 legis
563 4024 623 4080 eto.

234 4101 263 4157 2·
285 4101 333 4159 Sc.
346 4099 493 4159 Marcion.

234 4180 263 4236 3.
285 4177 409 4238 Confer.
422 4178 465 4236 Is.
481 4181 508 4252 l,
523 4181 551 4251 6,
565 4177 619 4236 ubi
632 4179 760 4256 populus
774 4178 874 4239 Isra‘e'l
887 4197 905 4238 a
917 4178 1023 4260 planta
1036 4179 1122 4258 pedis
1137 4195 1235 4256 usque

158 4257 353 4318 adverticem
367 4255 499 4317 afflictus
515 4257 634 4316 dicitur.

234 4341 263 4396 4.
285 4337 398 4396 Sensus
413 4341 479 4396 est:
495 4337 562 4395 Hoc
575 4337 793 4414 Apostolorum
806 4337 888 4397 facto
913 4337 1086 4414 exemplum
1099 4337 1236 4414 proposi·

157 4419 220 4476 tum
234 4417 292 4490 est,
307 4433 367 4490 quo
381 4416 608 4492 ostenderetur,
622 4417 723 4492 legem
743 4417 899 4494 antiquam
912 4435 931 4475 a
944 4418 1067 4478 christo
1087 4415 1236 4492 abrogan-

157 4495 225 4556 dam
236 4511 318 4566 esse,
329 4511 423 4572 quare
435 4499 466 4554 at
475 4495 557 4554 licite
570 4495 720 4571 fecerunt,
731 4496 814 4572 quod
823 4497 930 4556 contra
938 4497 1039 4572 legem
1049 4499 1126 4554 erat.
1137 4495 1238 4554 Possit
1287 4563 1291 4572 ¹

156 4575 204 4636 bic
217 4575 305 4636 locus
319 4579 350 4634 et
362 4575 454 4637 vorti:
473 4574 555 4637 “Hic
568 4576 634 4655 typi
647 4577 679 4638 et
691 4575 807 4654 figurae
818 4575 857 4637 ad
870 4575 961 4638 finem
971 4574 1112 4656 perducti
1121 4577 1193 4635 suut
1203 4605 1231 4640 r.
