3268 5220
378 383 422 456 78

374 511 573 606 accedebat,
602 519 642 584 ut
666 509 732 606 illi,
757 511 818 608 qui
844 511 889 586 ad
915 537 995 584 eum
1023 517 1190 611 tanquam
1216 513 1262 585 ad
1278 509 1456 586 hominem

373 615 614 708 accessissent,
641 616 985 713 reprehenderentur
1011 624 1047 688 et
1072 623 1317 714 arguerentur.
1335 617 1455 690 Unam

373 717 494 814 igitur,
512 715 602 816 quae
620 721 713 793 iuter
731 744 851 793 omnes
878 743 958 791 eum
975 720 1121 812 adierat,
1149 744 1195 792 ex
1221 721 1382 795 omnibus
1401 743 1455 794 se-

372 824 523 920 paravit,
537 831 577 896 ut
593 847 714 896 omnes
731 847 802 898 uno
821 825 928 896 verbo
946 824 1099 918 doceret,
1118 847 1155 896 se
1172 847 1288 918 nosse,
1302 847 1376 918 cur,
1393 831 1456 896 aut

372 927 547 1024 quomodo
565 928 806 1026 unusquisque
825 951 946 999 eorum
964 926 1081 1023 ipsum
1099 927 1254 1000 adiisset.

477 1029 547 1119 Qui
561 1054 646 1126 ergo
661 1030 892 1128 corporaliter
907 1053 987 1123 eum
1000 1029 1129 1124 adibat,
1141 1030 1455 1128 corporalem-sen-

372 1132 420 1206 sit
445 1140 587 1228 tactum,
607 1137 720 1231 etqui
738 1133 972 1232 spiritualiter
991 1157 1072 1206 eum
1092 1135 1221 1228 adibat,
1246 1159 1310 1232 per
1327 1133 1453 1231 palpa-

372 1237 505 1311 tionem
530 1237 759 1312 humanitatis
794 1237 1058 1335 impalpabilem
1091 1237 1252 1336 palpavit
1287 1237 1455 1310 divinitass

372 1348 455 1416 tem.
483 1341 552 1430 Qui
577 1343 698 1418 adibat
713 1367 794 1415 eum
811 1351 979 1439 tanquam
1003 1342 1191 1435 hominem,
1213 1341 1455 1440 palpationem
1484 1415 1495 1430 ,

371 1445 604 1520 humanitatis
621 1447 659 1519 in
677 1471 718 1520 eo
739 1447 892 1540 invenit3
918 1445 980 1542 qui
1007 1451 1125 1518 autem
1150 1453 1319 1541 tanquam
1336 1447 1454 1518 Deum

373 1573 454 1622 eurn
473 1551 602 1645 adibat,
620 1551 825 1624 thesaurum
843 1548 1036 1623 sanationis
1058 1548 1219 1622 dolorum
1237 1573 1381 1622 suorum
1398 1574 1455 1623 re-

371 1653 476 1752 perit.
698 1699 699 1703 =
1067 1707 1068 1713 η

474 1759 512 1833 Si
525 1757 652 1830 mulier
666 1781 687 1830 a
701 1757 859 1830 cruciatu
873 1762 997 1829 sanata
1010 1755 1100 1830 olam
1115 1755 1349 1850 discessisset,
1362 1780 1455 1852 prae-

372 1866 533 1959 terquam
541 1862 635 1959 quod
646 1862 856 1935 miraculum
870 1860 1087 1933 multitudini
1101 1858 1345 1934 absconditum
1358 1883 1458 1932 man-

371 1965 486 2060 sisset,
501 1966 608 2038 etiam
624 1965 705 2062 ipsa
722 1965 849 2040 mulier
871 1964 1101 2061 corporaliter
1129 1971 1262 2059 sanata,
1289 1963 1457 2060 spiritua·
1516 1989 1519 1995 ¹
1543 2065 1550 2078 .

370 2067 455 2143 liter
473 2077 619 2166 aegrota
637 2069 849 2142 discessiset.
869 2068 1040 2156 Quamvis
1068 2068 1162 2140 enim
1187 2075 1333 2164 propter
1353 2091 1457 2140 sana-

337 2201 340 2220 ·
371 2174 504 2246 tionem
523 2173 706 2246 Christum
723 2175 839 2250 virum
851 2173 989 2268 justum
1004 2195 1082 2244 esse
1097 2171 1317 2264 credidisset,
1335 2178 1457 2243 tamen

370 2277 402 2349 si
419 2301 477 2350 res
497 2277 529 2350 ei
546 2277 670 2372 ignota
689 2277 888 2370 mansisset,
902 2283 1027 2348 utrum·
1044 2276 1143 2348 Deus
1165 2283 1269 2370 esset,
1297 2275 1455 2348 dubitas·
1483 2283 1491 2303 ⁹

370 2387 435 2454 set.
461 2381 555 2454 Nam
572 2391 608 2452 et
625 2381 671 2454 ad
690 2381 808 2478 justos
834 2379 998 2452 nonnulli
1024 2387 1250 2454 accesserunt
1277 2385 1313 2451 et
1339 2379 1459 2470 sanati·

370 2491 463 2578 sunt,
490 2485 650 2559 sednon
676 2485 738 2580 ita,
763 2493 804 2558 ut
824 2484 914 2580 justi
940 2490 1205 2578 cognoscerent,
1238 2483 1382 2580 quinam
1409 2483 1455 2556 ad

370 2587 468 2686 ipsos
487 2590 721 2662 accessissent
735 2597 771 2662 et
784 2589 899 2662 sanati
911 2593 1038 2660 essent.
1052 2589 1109 2660 Ne
1124 2611 1209 2684 ergo
1221 2587 1362 2681 mulier,
1376 2611 1456 2682 quae

369 2715 516 2790 corpore
535 2695 736 2788 sanabatur,
755 2699 873 2792 mente
892 2697 1106 2788 aegrotaret,
1124 2700 1281 2764 mentem
1301 2693 1377 2788 ejus
1396 2715 1453 2763 sa-

367 2821 453 2870 nare
479 2797 662 2872 festinarit
694 2797 880 2889 Dominus,
908 2795 969 2892 qui
1003 2795 1226 2868 adsalutem
1256 2793 1386 2866 mentis
1414 2801 1452 2865 et

366 2901 524 2998 corporis
542 2907 698 2976 venerat.
728 2901 814 2974 Ideo
834 2901 944 2973 dixit:
971 2897 1085 2988 Quis
1111 2899 1283 2995 tetigit
1308 2896 1452 2972 vesti-

366 3012 522 3080 menta
547 3029 654 3078 mea.

471 3109 569 3198 Quae
589 3133 670 3182 eum
688 3107 866 3204 tetigerat,
893 3105 1066 3180 Dominus
1084 3105 1306 3178 manifestam
1332 3105 1451 3178 facero

341 3207 490 3307 noluit,
517 3237 589 3286 non
614 3213 707 3310 quod
732 3211 892 3284 homines
918 3201 1013 3282 esset
1030 3209 1253 3306 decepturus,
1278 3209 1339 3306 qui
1355 3209 1450 3281 frau-

340 3395 342 3400 .
366 3315 448 3388 dem
464 3317 532 3390 hoe
548 3317 625 3413 ipso
643 3315 734 3388 facto
751 3315 923 3412 impedire
941 3313 1065 3406 voluit,
1082 3336 1196 3410 neque
1210 3313 1304 3409 quod
1317 3312 1450 3386 verita-

365 3423 438 3492 tem
454 3419 566 3492 nollet
583 3419 750 3512 confiteri,
769 3420 830 3514 qui
847 3419 938 3511 ideo,
964 3423 1005 3488 ut
1021 3416 1181 3489 homines
1199 3441 1286 3490 vera
1303 3416 1445 3488 confite-

362 3530 498 3618 rentur,
518 3524 585 3596 hoc
601 3521 693 3596 fecit.
709 3521 826 3611 Quare
841 3545 926 3619 ergo
940 3520 1114 3593 Dominus
1131 3519 1354 3593 manifestum
1372 3543 1445 3592 non

361 3625 458 3722 fecit,
476 3628 555 3725 quis
569 3621 649 3700 eum
663 3625 866 3721 tetigisset?
885 3625 977 3714 Quia
994 3625 1150 3718 decebat,
1167 3633 1207 3696 ut
1226 3631 1349 3697 sanata
1364 3625 1445 3720 ipsa

362 3732 497 3806 medico
511 3732 613 3806 testis
626 3731 739 3825 fieret,
749 3737 784 3803 et
801 3753 943 3829 eaquae
957 3729 1142 3802 manifeste
1156 3729 1358 3822 sanabatur,
1371 3727 1444 3800 rir-

362 3833 442 3930 tuti,
468 3860 557 3935 quae
585 3860 663 3909 eam
688 3835 726 3910 in
751 3833 956 3909 abscondito
983 3837 1179 3925 sanaverat,
1205 3830 1445 3904 testimonium

362 3939 538 4014 redderet.
557 3939 730 4014 Dominus
747 3964 819 4013 non
835 3959 1073 4036 praepropere
1092 3936 1135 4007 de
1162 3957 1200 4008 se
1225 3934 1302 4032 ipso
1320 3933 1445 4006 testifi-

361 4050 461 4118 catus
481 4050 546 4138 est,
572 4069 679 4140 quum
697 4045 735 4116 in
751 4043 867 4116 medio
885 4040 1106 4115 inimicorum
1124 4061 1268 4111 suorum
1284 4061 1445 4113 versare-

361 4151 433 4242 tur,
447 4150 509 4221 sed
524 4154 622 4220 stans
636 4147 846 4244 expectavit,
860 4147 971 4219 donec
983 4167 1084 4240 opus,
1102 4142 1195 4240 quod
1208 4142 1349 4236 fecerat,
1363 4165 1445 4214 eum

361 4252 592 4349 praedicaret.
606 4252 685 4324 Hac
702 4251 820 4347 itaque
839 4248 1083 4346 expectatione
1099 4254 1135 4319 et
1151 4247 1274 4320 amicis
1288 4245 1444 4318 animum

362 4354 510 4452 addidit,
538 4363 575 4429 et
601 4355 761 4429 inimicos
787 4355 915 4452 arguit.
950 4354 1044 4428 Nam
1070 4375 1179 4449 quum
1205 4349 1444 4448 exspectando

361 4460 548 4538 mulierem
561 4460 599 4536 in
610 4459 765 4534 medium
777 4457 1016 4558 produxisset,
1030 4461 1103 4530 tam
1121 4455 1225 4531 amici
1238 4455 1325 4554 ejus,
1336 4477 1441 4552 quam
