3344 5200
374 399 444 468 256

373 527 518 621 excelsi,
536 527 619 622 quia
637 519 667 598 i's
686 526 747 622 qui
765 533 930 598 nascetur
954 549 998 597 ex
1021 533 1067 620 te,
1085 524 1200 596 Filius
1227 523 1295 596 Dei
1324 527 1463 599 vocabi·

373 637 432 704 tur
448 629 473 723 ⁴,
500 629 594 726 qnod
620 629 663 700 de
691 653 838 728 corpore
866 653 911 700 ex
939 627 1056 700 Maria
1084 635 1239 723 sumpte,
1261 627 1363 700 dixit.
1390 629 1466 716 Qui

373 755 459 828 ergo
478 734 611 824 dicunt,
625 753 754 830 corpus
767 733 962 806 salvatoris
981 729 1094 804 nostri
1111 731 1266 825 speciem
1284 731 1463 826 quandam

374 835 553 928 fuissent
578 859 705 930 corpus
730 836 956 930 angelorum,
975 834 1036 930 qui
1054 833 1091 904 in
1119 835 1222 906 domo
1240 834 1408 906 Abrahae
1426 855 1464 906 e·

372 937 514 1030 derunt,
540 937 692 1010 convicti
718 947 929 1032 arguuntur,
957 937 1042 1033 quia
1068 935 1111 1007 de
1129 935 1202 1009 illis
1229 936 1368 1032 angelis
1391 960 1463 1008 non

372 1047 428 1113 est
446 1041 629 1138 scriptum,
648 1042 741 1137 quod
759 1041 927 1130 infestati,
945 1039 1104 1132 cruciati,
1121 1038 1229 1111 occisi
1246 1051 1282 1110 et
1300 1039 1480 1112 crucifixi

374 1151 468 1233 sunt,
484 1145 546 1216 sed
564 1145 697 1217 formae
712 1154 834 1218 eorum
846 1151 1002 1216 mutatae
1017 1149 1136 1236 erant,
1157 1165 1228 1214 non
1246 1141 1341 1213 enim
1360 1151 1464 1214 erant

372 1247 493 1341 angeli
511 1247 725 1342 corporales,
757 1248 819 1319 sed
845 1247 994 1318 formem
1020 1245 1225 1338 induerunt,
1251 1268 1342 1341 quae
1366 1244 1464 1317 utili-
1486 1254 1487 1260 ’

373 1350 440 1420 tati
456 1349 654 1422 videntium
673 1351 915 1423 conveniebat.
943 1349 1000 1421 Ne
1027 1372 1115 1444 ergo
1140 1355 1321 1444 putarent,
1340 1347 1468 1420 Domi?

374 1473 461 1522 num
479 1452 523 1524 iis
542 1476 620 1524 esse
639 1453 802 1546 similem,
820 1446 925 1524 natu‘s¹
945 1459 1010 1545 est,
1024 1459 1064 1523 ut
1082 1450 1300 1546 egrediendo
1322 1475 1367 1522 ex
1386 1457 1462 1522 ute-

375 1577 415 1625 ro
433 1555 633 1650 opinionem
654 1580 700 1628 ex
718 1555 899 1629 mentibus
918 1551 1073 1645 tolleret,
1092 1578 1130 1626 se
1150 1554 1300 1627 similem
1325 1559 1485 1626 tantum·

373 1678 451 1728 esse
469 1659 680 1746 hominibus.
706 1659 755 1732 Et
782 1659 814 1732 si
841 1657 1007 1730 Christus
1037 1657 1132 1730 filius
1158 1664 1236 1729 erat
1261 1657 1465 1752 Peregrini,

373 1759 427 1830 sol
445 1759 483 1831 in
500 1761 729 1834 crucifixione
749 1755 825 1858 ejus
853 1785 925 1834 non
952 1767 1047 1832 esset
1072 1761 1291 1854 tenebratus,
1310 1759 1373 1832 sed
1399 1759 1462 1832 ille

372 1870 513 1936 creator
528 1863 643 1936 lucem
663 1863 956 1938 abundantiorem
976 1863 1178 1960 sparsisset,
1198 1863 1282 1960 quia
1298 1861 1464 1936 inimicus

373 1965 500 2038 afaoie
527 1967 641 2060 ipsius
669 1967 808 2042 ablatus
836 1971 998 2060 essetab
1027 1965 1143 2038 lucem
1171 1990 1279 2062 super
1305 1965 1464 2054 Judaeos

374 2067 461 2140 oriri
487 2069 641 2162 fecisset,
667 2070 752 2166 quia
777 2071 889 2166 ipsius
915 2069 1136 2141 voluntatem
1154 2068 1389 2165 perfecerunt.
1416 2067 1465 2140 Et

374 2169 547 2265 templum
574 2171 694 2244 velum
720 2173 916 2270 pretiosum
943 2171 1137 2262 induisset,
1165 2172 1248 2266 quia
1268 2196 1290 2244 a
1307 2167 1471 2268 querelis*

372 2269 507 2344 inimici
538 2274 593 2345 sui
621 2273 825 2367 liberatum,
844 2282 880 2347 et
900 2274 1035 2347 solutor
1065 2273 1157 2370 legis
1177 2298 1221 2346 ex
1255 2297 1297 2346 eo
1329 2273 1463 2370 ejectus

374 2381 479 2447 esset.
498 2377 549 2450 At
574 2383 689 2473 pater¹
704 2378 893 2474 Peregrini
918 2375 1066 2450 forsitan
1092 2375 1242 2449 adduxit
1266 2376 1463 2450 tenebras?

375 2476 445 2550 Sed
464 2501 555 2572 ecce,
573 2503 644 2552 non
663 2487 745 2553 sunt
762 2483 930 2554 tenebrae
948 2480 1042 2577 apud
1062 2503 1142 2551 eum
1157 2505 1165 2574 ;
1183 2503 1298 2576 neque
1316 2479 1347 2552 si
1364 2485 1463 2554 tene·

371 2581 457 2652 brae
488 2583 582 2679 apud
614 2607 694 2655 eum
726 2591 856 2675 essent,
883 2607 943 2655 eas
973 2581 1192 2676 adduxisset,
1223 2583 1350 2680 primu,
1380 2581 1464 2678 quia

372 2681 471 2755 Deus
489 2688 603 2774 bonus
623 2693 688 2779 est,
706 2685 799 2780 dein,
818 2687 902 2782 quia
927 2683 989 2756 ille
1016 2685 1180 2757 dixerat:
1202 2709 1217 2742 e
1235 2685 1385 2758 Dimitte
1404 2683 1468 2778 iis,

371 2784 455 2879 quia
484 2788 658 2882 nesciunt,
685 2789 779 2886 quod
803 2787 976 2862 faciunt&
1004 2788 1124 2886 Solem
1151 2795 1268 2860 autern
1302 2788 1461 2862 tenebris

370 2887 531 2983 obduxit,
549 2891 664 2986 utqui
681 2893 903 2966 ambulantes
922 2915 1004 2963 eum
1026 2914 1097 2963 non
1123 2901 1378 2985 cognoverunt,
1395 2892 1461 2964 im·

371 3014 428 3062 mo
447 2991 484 3066 in
502 3017 641 3066 crucem
660 3002 823 3089 egerunt,
840 2995 997 3068 tenebris
1023 2993 1061 3065 in
1088 3017 1149 3066 eos
1175 2993 1294 3068 missis
1311 2991 1460 3070 forsitan

372 3117 452 3165 eum
477 3103 739 3191 cognoscerent.

455 3191 603 3272 'Velum
623 3201 772 3274 scissum
791 3207 856 3294 est,
869 3207 909 3271 ut
927 3200 1124 3296 patefieret,
1134 3199 1326 3272 Dominum
1345 3201 1389 3275 ab
1406 3199 1459 3274 eis

371 3327 524 3398 regnum
543 3303 734 3376 abstulisse
754 3311 790 3375 et
808 3303 949 3376 dedisse
968 3303 1110 3400 populo,
1129 3301 1190 3398 qui
1206 3303 1277 3376 fert
1294 3303 1458 3376 fructum.

370 3409 463 3480 Aut
489 3405 526 3476 in
546 3405 656 3476 scisso
674 3405 755 3478 uelo
782 3405 974 3500 imaginem
999 3405 1124 3502 templi
1142 3403 1306 3478 diruendi
1331 3429 1461 3503 propo-

373 3508 454 3599 suit,
473 3507 558 3601 quia
574 3503 729 3602 Spiritus
748 3518 824 3604 ejus
837 3532 888 3589 ¹es
907 3531 948 3580 eo
967 3509 1114 3582 exierat.
1132 3508 1181 3580 Et
1198 3509 1282 3603 quia
1300 3533 1459 3582 summus

373 3609 538 3682 sacerdos
557 3615 694 3682 vestem
713 3633 813 3683 suam
831 3611 962 3705 injuste
980 3611 1144 3704 sciderat,
1162 3609 1317 3706 Spiritus
1338 3611 1459 3684 velum

372 3711 487 3804 scidit,
505 3719 545 3782 ut
566 3712 633 3790 hac
651 3713 787 3786 ratione
805 3737 871 3810 per
889 3737 946 3786 res
974 3720 1111 3786 creatas
1136 3713 1321 3786 audaciam
1340 3721 1375 3786 et
1402 3739 1460 3788 su-

370 3813 531 3909 perbiam
550 3816 574 3886 J
576 3815 769 3890 udaeorum
782 3817 967 3890 indicaret.
981 3815 1074 3904 Quia
1090 3817 1152 3888 ille
1172 3815 1325 3890 sciderat
1343 3839 1458 3890 sacer-

368 3917 504 3990 dotium
526 3941 637 4013 eaque
670 3943 708 3992 se
740 3921 851 4013 exuit,
870 3919 975 3993 scidit
993 3926 1029 3991 et
1055 3920 1113 3992 hic
1138 3919 1260 3992 velum
1291 3925 1327 3990 et
1357 3942 1458 4015 egre-

368 4019 470 4093 diens
489 4021 608 4094 omnia
626 4046 743 4095 secum
762 4023 856 4096 tulit.
875 4025 968 4096 Aut
995 4023 1086 4094 siout
1103 4021 1314 4096 dissolutum
1341 4028 1378 4092 et
1402 4046 1458 4096 re-

367 4125 556 4220 probatum
575 4131 630 4198 est
647 4125 832 4224 templum,
850 4127 887 4198 in
905 4125 999 4222 quod
1025 4125 1138 4199 Judas
1155 4131 1345 4222 argenteos
1358 4124 1457 4220 jecit,

446 4368 471 4422 1.
493 4365 567 4426 Luc·
583 4370 609 4443 1,
623 4371 670 4428 35.

441 4444 470 4500 2.
492 4444 565 4504 Luc.
580 4449 628 4521 23,
643 4451 691 4508 34.
