3344 5200
346 350 434 446 'aaa
467 419 469 429 .

363 507 398 572 te
408 495 420 592 ',
461 497 652 576 Dominum
686 501 858 578 donorum
881 505 1117 594 ¹nostrorum,
1159 502 1347 600 pervenire
1385 527 1458 580 non

362 603 469 679 salet.
570 637 574 650 .
1026 671 1029 676 .
1386 650 1389 656 =

463 706 510 778 Et
528 707 612 802 quia
628 706 767 780 insidiis
794 705 897 804 lupi¹
919 705 956 778 in
981 705 1123 780 deserto
1141 703 1304 782 derelicti
1332 733 1455 786 sumus

362 813 467 884 extra
493 833 617 905 pacem
643 809 761 884 baculi
787 811 839 907 pii
865 808 1019 906 pastoris
1046 809 1172 902 nostri,
1197 809 1286 882 haec
1314 812 1456 909 requies

361 917 485 986 nostra
519 912 738 1010 reprehensa
763 921 818 986 est
853 935 918 1009 per
952 911 1089 986 animos
1124 911 1369 1009 poenitentes,
1393 915 1456 1012 qui

361 1037 440 1088 eam
476 1014 726 1112 dijudicarunt.
763 1016 865 1090 Haec
891 1037 963 1088 non
996 1037 1083 1090 vera
1118 1015 1262 1112 requies
1289 1025 1368 1112 est„
1391 1019 1455 1092 sed

358 1117 477 1214 potius
494 1120 636 1215 requies
655 1120 840 1194 maculata
858 1125 895 1192 et
911 1118 1065 1210 sordida,
1084 1143 1174 1215 quae
1194 1119 1324 1215 spoliat
1347 1121 1451 1220 spirir

359 1221 474 1295 tusin
490 1221 708 1314 abscondito,-
735 1225 921 1318 perturbat
938 1243 1067 1319 corpus
1083 1222 1123 1294 in
1141 1221 1339 1315 manifesto,
1357 1247 1449 1319 quae

359 1321 452 1396 clam
478 1323 655 1420 vulnerat,
674 1332 715 1398 ut
729 1327 882 1422 ,spiritus
905 1323 1029 1400 dolore
1056 1323 1450 1423 succurreremus

359 1430 532 1502 turbetur.
559 1427 608 1502 Et
623 1437 797 1525 quantum
824 1428 972 1526 spiritus
997 1433 1119 1504 noster
1143 1427 1234 1505 olam
1261 1429 1451 1524 gaudebat,

357 1535 501 1604 tantum.
524 1531 802 1606 contristabatur
828 1533 866 1604 in
893 1529 1092 1624 manifesto,
1109 1555 1219 1626 quum
1244 1531 1336 1610 hanc
1354 1531 1452 1629 quie·
1543 1629 1546 1633 ι

357 1635 430 1706 tem
456 1633 691 1730 perniciosam
718 1632 931 1708 removero²
959 1634 1128 1706 studeret.
1156 1635 1261 1710 Hanc
1279 1635 1374 1708 enim
1396 1660 1471 1724 rer

296 1754 300 1774 ⁸
357 1736 475 1832 quiem
506 1738 685 1810 destruxit
704 1737 805 1811 dolor
834 1736 1026 1834 spirituum
1052 1736 1231 1830 salutaris,
1254 1737 1315 1833 qui
1341 1738 1387 1810 ad
1412 1739 1453 1812 li-

357 1861 441 1912 nem
466 1838 591 1915 vitoe⁵
618 1863 701 1914 earn
723 1843 1016 1936 consequebatur.
1045 1839 1200 1936 Spiritus
1228 1841 1323 1913 enim
1353 1841 1453 1914 illam

354 1941 517 2039 requiem
541 1943 580 2016 in
607 1943 668 2016 siti
692 1945 795 2040 quasi
821 1941 932 2036 bibit,
967 1941 1203 2016 inebriatione
1238 1943 1391 2016 nutrivit
1415 1949 1453 2018 et

358 2045 675 2144 perdisoiplinam
701 2047 868 2120 evomuit.
904 2046 985 2118 Hoc
1020 2052 1076 2118 est
1111 2045 1309 2120 remedium
1343 2046 1450 2140 vitae,

353 2148 450 2244 quod
476 2149 650 2223 Dominus
675 2173 805 2247 corpus
834 2173 938 2222 suurn
963 2148 1047 2222 lecit
1080 2151 1194 2226 ubera
1224 2149 1450 2226 innocentiae

354 2258 511 2346 nostrae,
537 2259 574 2324 at
599 2253 809 2347 sanguinem
835 2275 940 2324 suum
966 2251 1121 2344 fontem,
1148 2251 1214 2349 qui.
1240 2251 1450 2326 inebriando

352 2352 451 2434 sitim
476 2361 637 2428 nostram
653 2355 813 2454 depellit,
832 2362 868 2426 et
884 2360 981 2428 totus
1007 2377 1156 2450 prorsus
1181 2355 1296 2428 factus
1315 2362 1449 2432 estno-

354 2455 410 2529 bis
435 2475 567 2532 mensa,
583 2458 741 2532 omnium
766 2461 949 2532 bonorum.
985 2495 988 2504 ·

461 2559 632 2650 Quamvis
660 2561 924 2639 benedictiones
949 2565 1093 2634 nostrae
1113 2584 1246 2657 parvae
1272 2561 1340 2635 tibi
1367 2560 1450 2654 sint,

352 2669 474 2746 temen
500 2687 564 2736 nos
591 2665 784 2759 enutriunt,
811 2672 851 2738 ut
876 2687 941 2760 per
968 2686 1029 2735 eas
1054 2664 1099 2736 ad
1127 2665 1249 2740 sedem
1274 2665 1448 2741 donorum

349 2773 494 2845 morum
512 2767 773 2863 perveniamus.
802 2766 976 2857 Quamvis
991 2765 1117 2840 laudes
1139 2775 1284 2844 nostrae
1311 2763 1447 2840 divitiis

350 2869 425 2942 tuis
449 2869 539 2948 nihil
566 2871 710 2963 addant,
729 2877 849 2944 tamen
867 2893 931 2943 suo
949 2870 1090 2942 fervore
1114 2877 1272 2946 nostram
1299 2867 1449 2942 infirmi-

348 2978 461 3057 tatem
488 2973 525 3056 in
551 2973 768 3048 oblivionem
794 2975 985 3048 adducunt.
1020 2971 1124 3047 Licet
1148 2997 1275 3071 preces
1301 2977 1445 3048 nostrae

349 3075 514 3160 infirmae
546 3076 620 3154 sint
656 3078 821 3171 vocibus,
848 3085 967 3150 tamen
1001 3077 1182 3172 copiosam
1216 3083 1252 3150 et
1278 3097 1445 3170 magnam

350 3177 425 3262 vim
450 3179 752 3274 habena-ducunt
777 3205 842 3254 nos
863 3179 909 3256 ad
927 3185 974 3272 te,
992 3186 1029 3251 et
1046 3187 1082 3252 te
1100 3178 1341 3254 deducuntad
1368 3199 1448 3251 noe.

350 3282 539 3378 Nonquia
564 3283 666 3381 ipsae
681 3291 754 3361 tam
779 3285 890 3358 fortes
917 3290 1012 3373 sunt,
1029 3283 1096 3356 hoo
1117 3283 1257 3358 efficere
1284 3285 1446 3378 possunt,

335 3385 414 3460 sed
440 3387 525 3482 quia
549 3396 589 3468 tu
622 3391 736 3468 bonus
760 3410 800 3462 ea
827 3388 949 3483 eisque
975 3385 1013 3458 in
1039 3385 1182 3460 laudem
1218 3393 1315 3460 tuam
1351 3385 1444 3461 hant

348 3488 596 3622 eiiicacitotern
623 3490 791 3568 tribuisti.

426 3679 460 3740 vl.
480 3678 583 3753 Lupus
598 3677 627 3738 b.
642 3677 661 3736 1.
677 3677 788 3740 dieitur
811 3677 978 3754 imperator
991 3677 1116 3750 Valens,
1141 3678 1193 3754 qui
1211 3695 1235 3734 s.
1253 3677 1374 3734 Barden
1401 3671 1442 3733 eir

348 3753 424 3816 sede
438 3773 494 3815 sua
507 3755 666 3820 Edessena
681 3758 774 3833 ejecit
785 3757 819 3813 et
833 3755 1009 3832 episcopum
1021 3758 1168 3814 Arianurn
1183 3756 1316 3813 intrusit.
1327 3753 1442 3814 Confer

351 3833 453 3902 Bikell
465 3835 610 3898 Carmina
624 3835 771 3895 Nisibenis
784 3852 809 3890 s.
822 3834 986 3910 Ephraemi
1001 3851 1029 3910 p.
1043 3837 1079 3893 10
1091 3837 1124 3892 et
1133 3837 1182 3892 22.
1196 3833 1350 3910 uRequies
1364 3863 1378 3894 s
1395 3850 1442 3890 er·
1466 3860 1471 3873 x

350 3931 390 3991 go
406 3913 468 4046 b.ll.
482 3913 671 3993 interruptus
686 3914 882 3992 episcopatus
896 3913 1048 3972 aeclesiae
1074 3912 1243 3972 catholicae
1262 3911 1442 3970 Edessenae

347 4009 368 4060 a
409 3991 439 4051 el
451 3991 530 4054 atur.
795 3991 799 3995 '

368 4009 408 4076 'pp
429 4072 458 4133 2.
479 4070 528 4128 Sic
541 4069 573 4130 in
587 4070 654 4128 cod.
666 4071 701 4128 Β.
711 4069 749 4131 ln
763 4069 831 4128 cod.
844 4069 888 4129 A:
908 4069 1138 4130 “observarem
1164 4067 1292 4128 Initium
1312 4079 1442 4142 sequen·

349 4147 390 4210 tis
404 4148 576 4208 sententiae
589 4147 620 4212 in
635 4149 702 4212 cod.
715 4149 741 4205 B
753 4147 811 4206 hoc
826 4151 888 4205 est:
907 4147 1016 4206 “Haec
1037 4147 1117 4206 enim
1137 4147 1261 4224 requies
1282 4143 1438 4203 destruxit

349 4226 489 4293 dolorem
503 4226 595 4284 animi
604 4257 630 4287 o.
644 4225 751 4286 Lectio
766 4225 832 4284 cod.
845 4225 874 4284 A
887 4223 1091 4302 praeferenda
1104 4223 1236 4283 videtur.

429 4308 458 4364 3.
480 4305 529 4364 Sic
542 4305 574 4362 in
588 4305 656 4364 cod.
670 4305 705 4362 B.
717 4305 842 4362 Aucher
855 4319 900 4362 ex·
911 4303 979 4362 cod.
993 4303 1022 4360 A
1044 4303 1151 4362 vertit:
1167 4304 1231 4362 “In
1246 4301 1337 4360 linem
1356 4317 1440 4358 men·

349 4383 390 4440 tia
399 4412 426 4444 s.
440 4383 555 4442 Sensus
569 4400 639 4442 esse
652 4382 791 4442 ridetur:
806 4381 1099 4462 Poenitentia,quae
1113 4381 1226 4443 multos
1239 4379 1271 4439 in
1284 4379 1346 4440 fine
1355 4378 1439 4442 sitae

348 4459 497 4540 subierat,
511 4463 570 4522 hoc
585 4461 718 4528 schisma
731 4460 856 4522 abolere
871 4458 983 4538 coepit.
