<?xml version="1.0" encoding="UTF-8"?>
<!DOCTYPE html PUBLIC "-//W3C//DTD XHTML 1.0 Transitional//EN"
    "http://www.w3.org/TR/xhtml1/DTD/xhtml1-transitional.dtd">
<html xmlns="http://www.w3.org/1999/xhtml" xml:lang="en" lang="en">
 <head>
  <title>
</title>
<meta http-equiv="Content-Type" content="text/html;charset=utf-8" />
  <meta name='ocr-system' content='tesseract 3.04.00' />
  <meta name='ocr-capabilities' content='ocr_page ocr_carea ocr_par ocr_line ocrx_word'/>
</head>
<body>
  <div class='ocr_page' id='page_1' title='image "./evangeliiconcor01msgoog_0203.png"; bbox 0 0 3330 5200; ppageno 0'>
   <div class='ocr_carea' id='block_1_1' title="bbox 332 506 1466 1332">
    <p class='ocr_par' dir='ltr' id='par_1_1' title="bbox 332 506 1466 1332">
     <span class='ocr_line' id='line_1_1' title="bbox 368 506 1464 616; baseline 0.003 -28"><span class='ocrx_word' id='word_1_1' title='bbox 368 538 443 608; x_wconf 87' lang='lat' dir='ltr'><strong>sua,</strong></span> <span class='ocrx_word' id='word_1_2' title='bbox 462 538 567 609; x_wconf 91' lang='lat' dir='ltr'><strong>quam</strong></span> <span class='ocrx_word' id='word_1_3' title='bbox 590 506 768 608; x_wconf 83' lang='lat' dir='ltr'><strong>justitiam</strong></span> <span class='ocrx_word' id='word_1_4' title='bbox 796 538 906 608; x_wconf 90' lang='lat' dir='ltr'><strong>suam,</strong></span> <span class='ocrx_word' id='word_1_5' title='bbox 935 522 971 587; x_wconf 87' lang='lat' dir='ltr'><strong>et</strong></span> <span class='ocrx_word' id='word_1_6' title='bbox 998 515 1095 588; x_wconf 89' lang='lat' dir='ltr'><strong>Deus</strong></span> <span class='ocrx_word' id='word_1_7' title='bbox 1123 516 1168 587; x_wconf 87' lang='lat' dir='ltr'><strong>ad</strong></span> <span class='ocrx_word' id='word_1_8' title='bbox 1196 529 1275 588; x_wconf 86' lang='lat' dir='ltr'><strong>eum</strong></span> <span class='ocrx_word' id='word_1_9' title='bbox 1302 519 1464 616; x_wconf 77' lang='lat' dir='ltr'>respicit,</span> 
     </span>
     <span class='ocr_line' id='line_1_2' title="bbox 370 617 1460 716; baseline 0.005 -27"><span class='ocrx_word' id='word_1_10' title='bbox 370 617 442 715; x_wconf 91' lang='lat' dir='ltr'><strong>qui,</strong></span> <span class='ocrx_word' id='word_1_11' title='bbox 460 617 554 712; x_wconf 91' lang='lat' dir='ltr'><strong>quod</strong></span> <span class='ocrx_word' id='word_1_12' title='bbox 573 640 683 710; x_wconf 85' lang='lat' dir='ltr'><strong>grave</strong></span> <span class='ocrx_word' id='word_1_13' title='bbox 712 623 777 710; x_wconf 89' lang='lat' dir='ltr'><strong>est,</strong></span> <span class='ocrx_word' id='word_1_14' title='bbox 797 617 923 690; x_wconf 85' lang='lat' dir='ltr'><strong>suffert</strong></span> <span class='ocrx_word' id='word_1_15' title='bbox 940 624 977 689; x_wconf 89' lang='lat' dir='ltr'><strong>et</strong></span> <span class='ocrx_word' id='word_1_16' title='bbox 995 619 1134 694; x_wconf 84' lang='lat' dir='ltr'><strong>tolerat</strong></span> <span class='ocrx_word' id='word_1_17' title='bbox 1153 619 1336 715; x_wconf 76' lang='lat' dir='ltr'><strong>Apparuit</strong></span> <span class='ocrx_word' id='word_1_18' title='bbox 1362 642 1460 716; x_wconf 86' lang='lat' dir='ltr'><strong>ergo,</strong></span> 
     </span>
     <span class='ocr_line' id='line_1_3' title="bbox 372 718 1463 817; baseline 0.005 -25"><span class='ocrx_word' id='word_1_19' title='bbox 372 719 477 815; x_wconf 60' lang='lat' dir='ltr'><strong>quod*</strong></span> <span class='ocrx_word' id='word_1_20' title='bbox 485 718 696 814; x_wconf 90' lang='lat' dir='ltr'><strong>publicanus</strong></span> <span class='ocrx_word' id='word_1_21' title='bbox 712 719 879 813; x_wconf 84' lang='lat' dir='ltr'><strong>graviora</strong></span> <span class='ocrx_word' id='word_1_22' title='bbox 896 721 1089 798; x_wconf 81' lang='lat' dir='ltr'><strong>sufferebat</strong></span> <span class='ocrx_word' id='word_1_23' title='bbox 1102 730 1138 793; x_wconf 91' lang='lat' dir='ltr'><strong>et</strong></span> <span class='ocrx_word' id='word_1_24' title='bbox 1155 720 1341 817; x_wconf 80' lang='lat' dir='ltr'>tolerabat,</span> <span class='ocrx_word' id='word_1_25' title='bbox 1355 725 1463 798; x_wconf 87' lang='lat' dir='ltr'><strong>ethic</strong></span> 
     </span>
     <span class='ocr_line' id='line_1_4' title="bbox 372 821 1464 920; baseline 0.007 -28"><span class='ocrx_word' id='word_1_26' title='bbox 372 822 560 894; x_wconf 86' lang='lat' dir='ltr'><strong>descendit</strong></span> <span class='ocrx_word' id='word_1_27' title='bbox 577 821 710 918; x_wconf 85' lang='lat' dir='ltr'><strong>justior</strong></span> <span class='ocrx_word' id='word_1_28' title='bbox 728 822 802 914; x_wconf 89' lang='lat' dir='ltr'><strong>illu,</strong></span> <span class='ocrx_word' id='word_1_29' title='bbox 822 823 860 894; x_wconf 90' lang='lat' dir='ltr'><strong>in</strong></span> <span class='ocrx_word' id='word_1_30' title='bbox 875 823 942 896; x_wconf 90' lang='lat' dir='ltr'><strong>hoc</strong></span> <span class='ocrx_word' id='word_1_31' title='bbox 960 847 1031 895; x_wconf 87' lang='lat' dir='ltr'><strong>uno</strong></span> <span class='ocrx_word' id='word_1_32' title='bbox 1058 829 1208 916; x_wconf 86' lang='lat' dir='ltr'><strong>tantum,</strong></span> <span class='ocrx_word' id='word_1_33' title='bbox 1226 825 1322 920; x_wconf 90' lang='lat' dir='ltr'><strong>quod</strong></span> <span class='ocrx_word' id='word_1_34' title='bbox 1346 826 1464 900; x_wconf 94' lang='lat' dir='ltr'><strong>humi-</strong></span> 
     </span>
     <span class='ocr_line' id='line_1_5' title="bbox 367 923 1466 1022; baseline 0.005 -26"><span class='ocrx_word' id='word_1_35' title='bbox 367 923 480 998; x_wconf 87' lang='lat' dir='ltr'><strong>liatus</strong></span> <span class='ocrx_word' id='word_1_36' title='bbox 499 933 565 997; x_wconf 86' lang='lat' dir='ltr'><strong>est.</strong></span> <span class='ocrx_word' id='word_1_37' title='bbox 583 924 685 1012; x_wconf 83' lang='lat' dir='ltr'><strong>Quod</strong></span> <span class='ocrx_word' id='word_1_38' title='bbox 706 925 736 997; x_wconf 91' lang='lat' dir='ltr'><strong>si</strong></span> <span class='ocrx_word' id='word_1_39' title='bbox 762 925 978 998; x_wconf 81' lang='lat' dir='ltr'><strong>Pharisaeus</strong></span> <span class='ocrx_word' id='word_1_40' title='bbox 1004 933 1167 1022; x_wconf 87' lang='lat' dir='ltr'><strong>peccator</strong></span> <span class='ocrx_word' id='word_1_41' title='bbox 1184 933 1273 1021; x_wconf 88' lang='lat' dir='ltr'><strong>erat,</strong></span> <span class='ocrx_word' id='word_1_42' title='bbox 1292 951 1357 1000; x_wconf 87' lang='lat' dir='ltr'><strong>sua</strong></span> <span class='ocrx_word' id='word_1_43' title='bbox 1384 951 1466 1002; x_wconf 90' lang='lat' dir='ltr'><strong>ora-</strong></span> 
     </span>
     <span class='ocr_line' id='line_1_6' title="bbox 332 1027 1461 1127; baseline 0.005 -27"><span class='ocrx_word' id='word_1_44' title='bbox 332 1055 339 1068; x_wconf 91' lang='lat'><strong>·</strong></span> <span class='ocrx_word' id='word_1_45' title='bbox 369 1027 468 1127; x_wconf 86' lang='lat' dir='ltr'><strong>tione</strong></span> <span class='ocrx_word' id='word_1_46' title='bbox 495 1035 679 1124; x_wconf 87' lang='lat' dir='ltr'><strong>peecatum</strong></span> <span class='ocrx_word' id='word_1_47' title='bbox 704 1028 860 1124; x_wconf 85' lang='lat' dir='ltr'><strong>pcccatis</strong></span> <span class='ocrx_word' id='word_1_48' title='bbox 887 1027 1036 1122; x_wconf 83' lang='lat' dir='ltr'><strong>addidit,</strong></span> <span class='ocrx_word' id='word_1_49' title='bbox 1055 1028 1284 1125; x_wconf 87' lang='lat' dir='ltr'><strong>publicanum</strong></span> <span class='ocrx_word' id='word_1_50' title='bbox 1308 1053 1395 1103; x_wconf 83' lang='lat' dir='ltr'><strong>vero</strong></span> <span class='ocrx_word' id='word_1_51' title='bbox 1416 1037 1461 1107; x_wconf 88' lang='lat' dir='ltr'><strong>ab</strong></span> 
     </span>
     <span class='ocr_line' id='line_1_7' title="bbox 369 1129 1463 1228; baseline 0.006 -27"><span class='ocrx_word' id='word_1_52' title='bbox 369 1129 440 1203; x_wconf 86' lang='lat' dir='ltr'><strong>isto</strong></span> <span class='ocrx_word' id='word_1_53' title='bbox 453 1138 596 1228; x_wconf 86' lang='lat' dir='ltr'><strong>peccato</strong></span> <span class='ocrx_word' id='word_1_54' title='bbox 610 1130 784 1204; x_wconf 82' lang='lat' dir='ltr'><strong>Dominus</strong></span> <span class='ocrx_word' id='word_1_55' title='bbox 802 1129 997 1204; x_wconf 77' lang='lat' dir='ltr'><strong>declaravit</strong></span> <span class='ocrx_word' id='word_1_56' title='bbox 1013 1131 1219 1206; x_wconf 85' lang='lat' dir='ltr'><strong>immunem.</strong></span> <span class='ocrx_word' id='word_1_57' title='bbox 1245 1131 1463 1208; x_wconf 80' lang='lat' dir='ltr'><strong>Pharisaeus</strong></span> 
     </span>
     <span class='ocr_line' id='line_1_8' title="bbox 374 1230 1461 1332; baseline 0.006 -28"><span class='ocrx_word' id='word_1_58' title='bbox 374 1257 482 1327; x_wconf 90' lang='lat' dir='ltr'><strong>quum</strong></span> <span class='ocrx_word' id='word_1_59' title='bbox 502 1240 637 1326; x_wconf 84' lang='lat' dir='ltr'><strong>oraret,</strong></span> <span class='ocrx_word' id='word_1_60' title='bbox 656 1256 721 1305; x_wconf 88' lang='lat' dir='ltr'><strong>sua</strong></span> <span class='ocrx_word' id='word_1_61' title='bbox 738 1234 897 1306; x_wconf 86' lang='lat' dir='ltr'><strong>oratione</strong></span> <span class='ocrx_word' id='word_1_62' title='bbox 919 1233 1010 1307; x_wconf 86' lang='lat' dir='ltr'><strong>iram</strong></span> <span class='ocrx_word' id='word_1_63' title='bbox 1036 1230 1106 1306; x_wconf 89' lang='lat' dir='ltr'><strong>Dei</strong></span> <span class='ocrx_word' id='word_1_64' title='bbox 1131 1235 1337 1332; x_wconf 85' lang='lat' dir='ltr'><strong>provocavit</strong></span> <span class='ocrx_word' id='word_1_65' title='bbox 1352 1236 1376 1308; x_wconf 78' lang='lat'><strong>¹.</strong></span> <span class='ocrx_word' id='word_1_66' title='bbox 1403 1235 1461 1310; x_wconf 81' lang='lat' dir='ltr'><strong>Ex</strong></span> 
     </span>
    </p>
   </div>
   <div class='ocr_carea' id='block_1_2' title="bbox 232 1335 1211 1434">
    <p class='ocr_par' dir='ltr' id='par_1_2' title="bbox 232 1335 1211 1434">
     <span class='ocr_line' id='line_1_9' title="bbox 232 1335 1211 1434; baseline -0.007 -19"><span class='ocrx_word' id='word_1_67' title='bbox 232 1412 242 1426; x_wconf 71' lang='grc'><strong>,,</strong></span> <span class='ocrx_word' id='word_1_68' title='bbox 368 1337 439 1408; x_wconf 84' lang='lat' dir='ltr'><strong>hac</strong></span> <span class='ocrx_word' id='word_1_69' title='bbox 458 1335 568 1430; x_wconf 82' lang='lat' dir='ltr'><strong>igitur</strong></span> <span class='ocrx_word' id='word_1_70' title='bbox 589 1335 643 1408; x_wconf 89' lang='lat' dir='ltr'><strong>ira</strong></span> <span class='ocrx_word' id='word_1_71' title='bbox 660 1335 756 1408; x_wconf 90' lang='lat' dir='ltr'><strong>disce</strong></span> <span class='ocrx_word' id='word_1_72' title='bbox 775 1335 913 1434; x_wconf 85' lang='lat' dir='ltr'><strong>precari</strong></span> <span class='ocrx_word' id='word_1_73' title='bbox 931 1344 972 1408; x_wconf 87' lang='lat' dir='ltr'><strong>ut</strong></span> <span class='ocrx_word' id='word_1_74' title='bbox 987 1337 1211 1434; x_wconf 83' lang='lat' dir='ltr'><strong>publicanus.</strong></span> 
     </span>
    </p>
   </div>
   <div class='ocr_carea' id='block_1_3' title="bbox 716 1644 1127 1719">
    <p class='ocr_par' dir='ltr' id='par_1_3' title="bbox 716 1644 1127 1719">
     <span class='ocr_line' id='line_1_10' title="bbox 716 1644 1127 1719; baseline 0 -2"><span class='ocrx_word' id='word_1_75' title='bbox 716 1644 946 1717; x_wconf 81' lang='lat' dir='ltr'><strong>CAPUT</strong></span> <span class='ocrx_word' id='word_1_76' title='bbox 989 1647 1127 1719; x_wconf 86' lang='lat' dir='ltr'>XVI.</span> 
     </span>
    </p>
   </div>
   <div class='ocr_carea' id='block_1_4' title="bbox 359 1951 1468 2464">
    <p class='ocr_par' dir='ltr' id='par_1_4' title="bbox 359 1951 1468 2464">
     <span class='ocr_line' id='line_1_11' title="bbox 359 1951 1468 2054; baseline 0.005 -29"><span class='ocrx_word' id='word_1_77' title='bbox 359 1957 366 1969; x_wconf 83' lang='grc'><strong>”</strong></span> <span class='ocrx_word' id='word_1_78' title='bbox 478 1955 734 2028; x_wconf 84' lang='lat' dir='ltr'><strong>Maledixit</strong></span> <span class='ocrx_word' id='word_1_79' title='bbox 760 1954 1005 2027; x_wconf 76' lang='lat' dir='ltr'><strong>ficulneae</strong></span> <span class='ocrx_word' id='word_1_80' title='bbox 1024 1951 1163 2051; x_wconf 75' lang='lat' dir='ltr'><strong>(Mara.</strong></span> <span class='ocrx_word' id='word_1_81' title='bbox 1189 1958 1246 2049; x_wconf 77' lang='lat'><strong>21,</strong></span> <span class='ocrx_word' id='word_1_82' title='bbox 1276 1957 1354 2050; x_wconf 72' lang='lat'>19),</span> <span class='ocrx_word' id='word_1_83' title='bbox 1380 1958 1468 2054; x_wconf 83' lang='lat' dir='ltr'><strong>quia</strong></span> 
     </span>
     <span class='ocr_line' id='line_1_12' title="bbox 372 2057 1466 2154; baseline 0.004 -26"><span class='ocrx_word' id='word_1_84' title='bbox 372 2057 424 2130; x_wconf 91' lang='lat' dir='ltr'><strong>ita</strong></span> <span class='ocrx_word' id='word_1_85' title='bbox 445 2058 710 2154; x_wconf 86' lang='lat' dir='ltr'><strong>scriptumest:</strong></span> <span class='ocrx_word' id='word_1_86' title='bbox 741 2057 924 2146; x_wconf 67' lang='lat' dir='ltr'><strong>eQuando</strong></span> <span class='ocrx_word' id='word_1_87' title='bbox 950 2079 1103 2154; x_wconf 80' lang='lat' dir='ltr'><strong>messem</strong></span> <span class='ocrx_word' id='word_1_88' title='bbox 1122 2057 1271 2154; x_wconf 82' lang='lat' dir='ltr'><strong>colliges</strong></span> <span class='ocrx_word' id='word_1_89' title='bbox 1302 2059 1383 2154; x_wconf 85' lang='lat' dir='ltr'><strong>agri</strong></span> <span class='ocrx_word' id='word_1_90' title='bbox 1398 2061 1466 2154; x_wconf 92' lang='lat' dir='ltr'><strong>tui,</strong></span> 
     </span>
     <span class='ocr_line' id='line_1_13' title="bbox 362 2159 1468 2262; baseline 0.006 -33"><span class='ocrx_word' id='word_1_91' title='bbox 362 2159 549 2255; x_wconf 80' lang='lat' dir='ltr'><strong>relinque,</strong></span> <span class='ocrx_word' id='word_1_92' title='bbox 576 2162 670 2255; x_wconf 90' lang='lat' dir='ltr'><strong>quod</strong></span> <span class='ocrx_word' id='word_1_93' title='bbox 696 2159 917 2252; x_wconf 84' lang='lat' dir='ltr'><strong>remanserit,</strong></span> <span class='ocrx_word' id='word_1_94' title='bbox 935 2167 972 2231; x_wconf 92' lang='lat' dir='ltr'><strong>et</strong></span> <span class='ocrx_word' id='word_1_95' title='bbox 997 2160 1137 2255; x_wconf 87' lang='lat' dir='ltr'><strong>quando</strong></span> <span class='ocrx_word' id='word_1_96' title='bbox 1164 2159 1323 2262; x_wconf 79' lang='lat' dir='ltr'><strong>decutiet</strong></span> <span class='ocrx_word' id='word_1_97' title='bbox 1349 2162 1468 2238; x_wconf 83' lang='lat' dir='ltr'><strong>olivas</strong></span> 
     </span>
     <span class='ocr_line' id='line_1_14' title="bbox 362 2262 1465 2360; baseline 0.005 -26"><span class='ocrx_word' id='word_1_98' title='bbox 362 2267 465 2355; x_wconf 87' lang='lat' dir='ltr'><strong>tuas,</strong></span> <span class='ocrx_word' id='word_1_99' title='bbox 484 2262 648 2336; x_wconf 87' lang='lat' dir='ltr'><strong>similiter</strong></span> <span class='ocrx_word' id='word_1_100' title='bbox 666 2263 773 2336; x_wconf 88' lang='lat' dir='ltr'><strong>facies</strong></span> <span class='ocrx_word' id='word_1_101' title='bbox 788 2287 796 2354; x_wconf 80' lang='lat'>3</span> <span class='ocrx_word' id='word_1_102' title='bbox 814 2262 866 2334; x_wconf 88' lang='lat' dir='ltr'><strong>ita</strong></span> <span class='ocrx_word' id='word_1_103' title='bbox 883 2268 920 2333; x_wconf 89' lang='lat' dir='ltr'><strong>et</strong></span> <span class='ocrx_word' id='word_1_104' title='bbox 936 2263 975 2334; x_wconf 88' lang='lat' dir='ltr'><strong>iu</strong></span> <span class='ocrx_word' id='word_1_105' title='bbox 992 2262 1167 2356; x_wconf 86' lang='lat' dir='ltr'><strong>omnibus,</strong></span> <span class='ocrx_word' id='word_1_106' title='bbox 1180 2287 1271 2358; x_wconf 91' lang='lat' dir='ltr'><strong>quae</strong></span> <span class='ocrx_word' id='word_1_107' title='bbox 1288 2265 1465 2360; x_wconf 79' lang='lat' dir='ltr'><strong>possides,</strong></span> 
     </span>
     <span class='ocr_line' id='line_1_15' title="bbox 373 2363 1465 2464; baseline 0.005 -28"><span class='ocrx_word' id='word_1_108' title='bbox 373 2363 480 2438; x_wconf 87' lang='lat' dir='ltr'><strong>facies</strong></span> <span class='ocrx_word' id='word_1_109' title='bbox 491 2366 516 2437; x_wconf 75' lang='lat'><strong>².</strong></span> <span class='ocrx_word' id='word_1_110' title='bbox 537 2366 607 2439; x_wconf 82' lang='lat' dir='ltr'><strong>Sed</strong></span> <span class='ocrx_word' id='word_1_111' title='bbox 625 2388 810 2462; x_wconf 87' lang='lat' dir='ltr'><strong>possessor</strong></span> <span class='ocrx_word' id='word_1_112' title='bbox 826 2364 933 2460; x_wconf 88' lang='lat' dir='ltr'><strong>hujus</strong></span> <span class='ocrx_word' id='word_1_113' title='bbox 946 2363 1004 2436; x_wconf 86' lang='lat' dir='ltr'><strong>fici</strong></span> <span class='ocrx_word' id='word_1_114' title='bbox 1017 2363 1225 2438; x_wconf 82' lang='lat' dir='ltr'><strong>inobediens</strong></span> <span class='ocrx_word' id='word_1_115' title='bbox 1237 2368 1330 2441; x_wconf 87' lang='lat' dir='ltr'><strong>hanc</strong></span> <span class='ocrx_word' id='word_1_116' title='bbox 1345 2366 1465 2464; x_wconf 86' lang='lat' dir='ltr'><strong>legem</strong></span> 
     </span>
    </p>
   </div>
   <div class='ocr_carea' id='block_1_5' title="bbox 346 2466 1552 2567">
    <p class='ocr_par' dir='ltr' id='par_1_5' title="bbox 346 2466 1552 2567">
     <span class='ocr_line' id='line_1_16' title="bbox 346 2466 1552 2567; baseline 0.002 -28"><span class='ocrx_word' id='word_1_117' title='bbox 346 2467 596 2567; x_wconf 61' lang='lat' dir='ltr'><strong>*contempsit</strong></span> <span class='ocrx_word' id='word_1_118' title='bbox 614 2483 792 2564; x_wconf 87' lang='lat' dir='ltr'><strong>quumque</strong></span> <span class='ocrx_word' id='word_1_119' title='bbox 818 2466 993 2540; x_wconf 82' lang='lat' dir='ltr'><strong>Dominus</strong></span> <span class='ocrx_word' id='word_1_120' title='bbox 1011 2467 1182 2563; x_wconf 88' lang='lat' dir='ltr'><strong>venisset,</strong></span> <span class='ocrx_word' id='word_1_121' title='bbox 1201 2475 1241 2541; x_wconf 82' lang='lat' dir='ltr'><strong>et</strong></span> <span class='ocrx_word' id='word_1_122' title='bbox 1262 2469 1383 2542; x_wconf 88' lang='lat' dir='ltr'><strong>nullos</strong></span> <span class='ocrx_word' id='word_1_123' title='bbox 1407 2495 1464 2544; x_wconf 88' lang='lat' dir='ltr'><strong>re-</strong></span> <span class='ocrx_word' id='word_1_124' title='bbox 1487 2553 1496 2557; x_wconf 34' lang='lat'>·</span> <span class='ocrx_word' id='word_1_125' title='bbox 1546 2499 1552 2510; x_wconf 68' lang='lat'>¹</span> 
     </span>
    </p>
   </div>
   <div class='ocr_carea' id='block_1_6' title="bbox 308 2568 1467 3489">
    <p class='ocr_par' dir='ltr' id='par_1_6' title="bbox 308 2568 1467 3160">
     <span class='ocr_line' id='line_1_17' title="bbox 308 2568 1467 2670; baseline 0.005 -30"><span class='ocrx_word' id='word_1_126' title='bbox 308 2609 315 2614; x_wconf 98' lang='lat'>-</span> <span class='ocrx_word' id='word_1_127' title='bbox 374 2568 478 2644; x_wconf 85' lang='lat' dir='ltr'><strong>lictus</strong></span> <span class='ocrx_word' id='word_1_128' title='bbox 504 2572 641 2644; x_wconf 90' lang='lat' dir='ltr'><strong>fructus</strong></span> <span class='ocrx_word' id='word_1_129' title='bbox 667 2571 704 2643; x_wconf 91' lang='lat' dir='ltr'><strong>in</strong></span> <span class='ocrx_word' id='word_1_130' title='bbox 736 2593 779 2642; x_wconf 91' lang='lat' dir='ltr'><strong>ea</strong></span> <span class='ocrx_word' id='word_1_131' title='bbox 805 2570 1011 2666; x_wconf 84' lang='lat' dir='ltr'><strong>reperisset,</strong></span> <span class='ocrx_word' id='word_1_132' title='bbox 1031 2569 1064 2643; x_wconf 89' lang='lat' dir='ltr'><strong>ei</strong></span> <span class='ocrx_word' id='word_1_133' title='bbox 1090 2570 1288 2665; x_wconf 79' lang='lat' dir='ltr'><strong>maledixit,</strong></span> <span class='ocrx_word' id='word_1_134' title='bbox 1309 2595 1356 2644; x_wconf 88' lang='lat' dir='ltr'><strong>ne</strong></span> <span class='ocrx_word' id='word_1_135' title='bbox 1382 2595 1467 2670; x_wconf 88' lang='lat' dir='ltr'><strong>pos-</strong></span> 
     </span>
     <span class='ocr_line' id='line_1_18' title="bbox 374 2672 1463 2770; baseline 0.003 -26"><span class='ocrx_word' id='word_1_136' title='bbox 374 2695 493 2746; x_wconf 90' lang='lat' dir='ltr'><strong>sessor</strong></span> <span class='ocrx_word' id='word_1_137' title='bbox 511 2697 557 2746; x_wconf 87' lang='lat' dir='ltr'><strong>ex</strong></span> <span class='ocrx_word' id='word_1_138' title='bbox 571 2697 614 2746; x_wconf 91' lang='lat' dir='ltr'><strong>ea</strong></span> <span class='ocrx_word' id='word_1_139' title='bbox 632 2672 784 2770; x_wconf 90' lang='lat' dir='ltr'><strong>amplius</strong></span> <span class='ocrx_word' id='word_1_140' title='bbox 803 2673 1014 2765; x_wconf 89' lang='lat' dir='ltr'><strong>comederet,</strong></span> <span class='ocrx_word' id='word_1_141' title='bbox 1028 2672 1113 2770; x_wconf 87' lang='lat' dir='ltr'><strong>quia</strong></span> <span class='ocrx_word' id='word_1_142' title='bbox 1129 2673 1220 2747; x_wconf 89' lang='lat' dir='ltr'><strong>nihil</strong></span> <span class='ocrx_word' id='word_1_143' title='bbox 1237 2675 1407 2770; x_wconf 81' lang='lat' dir='ltr'><strong>orphanis</strong></span> <span class='ocrx_word' id='word_1_144' title='bbox 1425 2683 1463 2748; x_wconf 88' lang='lat' dir='ltr'><strong>et</strong></span> 
     </span>
     <span class='ocr_line' id='line_1_19' title="bbox 372 2775 1466 2874; baseline 0.004 -28"><span class='ocrx_word' id='word_1_145' title='bbox 372 2775 490 2850; x_wconf 89' lang='lat' dir='ltr'><strong>viduis</strong></span> <span class='ocrx_word' id='word_1_146' title='bbox 508 2775 713 2872; x_wconf 84' lang='lat' dir='ltr'><strong>reliquerat.</strong></span> <span class='ocrx_word' id='word_1_147' title='bbox 732 2775 905 2848; x_wconf 81' lang='lat' dir='ltr'><strong>Similiter</strong></span> <span class='ocrx_word' id='word_1_148' title='bbox 923 2775 1122 2869; x_wconf 82' lang='lat' dir='ltr'><strong>Gergesaei</strong></span> <span class='ocrx_word' id='word_1_149' title='bbox 1147 2775 1333 2850; x_wconf 87' lang='lat' dir='ltr'><strong>consilium</strong></span> <span class='ocrx_word' id='word_1_150' title='bbox 1360 2801 1466 2874; x_wconf 87' lang='lat' dir='ltr'><strong>cepe-</strong></span> 
     </span>
     <span class='ocr_line' id='line_1_20' title="bbox 372 2877 1465 2976; baseline 0.004 -26"><span class='ocrx_word' id='word_1_151' title='bbox 372 2887 468 2972; x_wconf 89' lang='lat' dir='ltr'><strong>runt,</strong></span> <span class='ocrx_word' id='word_1_152' title='bbox 486 2903 558 2951; x_wconf 91' lang='lat' dir='ltr'><strong>non</strong></span> <span class='ocrx_word' id='word_1_153' title='bbox 584 2879 792 2974; x_wconf 83' lang='lat' dir='ltr'><strong>egrediendi</strong></span> <span class='ocrx_word' id='word_1_154' title='bbox 817 2879 863 2951; x_wconf 91' lang='lat' dir='ltr'><strong>ad</strong></span> <span class='ocrx_word' id='word_1_155' title='bbox 889 2877 1092 2972; x_wconf 91' lang='lat' dir='ltr'><strong>Dominum,</strong></span> <span class='ocrx_word' id='word_1_156' title='bbox 1115 2901 1225 2974; x_wconf 88' lang='lat' dir='ltr'><strong>quare</strong></span> <span class='ocrx_word' id='word_1_157' title='bbox 1251 2903 1378 2976; x_wconf 86' lang='lat' dir='ltr'><strong>porcos</strong></span> <span class='ocrx_word' id='word_1_158' title='bbox 1403 2903 1465 2954; x_wconf 82' lang='lat' dir='ltr'><strong>eo··</strong></span> 
     </span>
     <span class='ocr_line' id='line_1_21' title="bbox 372 2980 1462 3080; baseline 0.005 -28"><span class='ocrx_word' id='word_1_159' title='bbox 372 3005 453 3052; x_wconf 89' lang='lat' dir='ltr'><strong>rum</strong></span> <span class='ocrx_word' id='word_1_160' title='bbox 473 2981 668 3075; x_wconf 85' lang='lat' dir='ltr'><strong>suffocavit,</strong></span> <span class='ocrx_word' id='word_1_161' title='bbox 685 2989 725 3054; x_wconf 91' lang='lat' dir='ltr'><strong>ut</strong></span> <span class='ocrx_word' id='word_1_162' title='bbox 743 2981 986 3054; x_wconf 81' lang='lat' dir='ltr'><strong>excitarentur</strong></span> <span class='ocrx_word' id='word_1_163' title='bbox 1004 2980 1120 3080; x_wconf 79' lang='lat' dir='ltr'><strong>etrel</strong></span> <span class='ocrx_word' id='word_1_164' title='bbox 1146 2981 1280 3056; x_wconf 80' lang='lat' dir='ltr'><strong>invitus</strong></span> <span class='ocrx_word' id='word_1_165' title='bbox 1306 2981 1352 3056; x_wconf 90' lang='lat' dir='ltr'><strong>ad</strong></span> <span class='ocrx_word' id='word_1_166' title='bbox 1380 3006 1462 3056; x_wconf 92' lang='lat' dir='ltr'><strong>eum</strong></span> 
     </span>
     <span class='ocr_line' id='line_1_22' title="bbox 372 3083 525 3160; baseline 0.033 -6"><span class='ocrx_word' id='word_1_167' title='bbox 372 3083 525 3160; x_wconf 86' lang='lat' dir='ltr'><strong>exirent.</strong></span> 
     </span>
    </p>

    <p class='ocr_par' dir='ltr' id='par_1_7' title="bbox 357 3185 1465 3489">
     <span class='ocr_line' id='line_1_23' title="bbox 361 3185 1465 3282; baseline 0.004 -23"><span class='ocrx_word' id='word_1_168' title='bbox 361 3211 363 3218; x_wconf 73' lang='grc'><em>’</em></span> <span class='ocrx_word' id='word_1_169' title='bbox 475 3189 532 3260; x_wconf 89' lang='lat' dir='ltr'><strong>Ita</strong></span> <span class='ocrx_word' id='word_1_170' title='bbox 550 3194 585 3258; x_wconf 93' lang='lat' dir='ltr'><strong>et</strong></span> <span class='ocrx_word' id='word_1_171' title='bbox 603 3208 786 3282; x_wconf 86' lang='lat' dir='ltr'><strong>possessor</strong></span> <span class='ocrx_word' id='word_1_172' title='bbox 803 3187 909 3282; x_wconf 87' lang='lat' dir='ltr'><strong>hujus</strong></span> <span class='ocrx_word' id='word_1_173' title='bbox 927 3185 1100 3258; x_wconf 87' lang='lat' dir='ltr'><strong>ficulneae</strong></span> <span class='ocrx_word' id='word_1_174' title='bbox 1119 3186 1339 3282; x_wconf 86' lang='lat' dir='ltr'><strong>decreverat,</strong></span> <span class='ocrx_word' id='word_1_175' title='bbox 1357 3187 1465 3262; x_wconf 81' lang='lat' dir='ltr'><strong>Chri·</strong></span> 
     </span>
     <span class='ocr_line' id='line_1_24' title="bbox 357 3287 1462 3386; baseline 0.001 -24"><span class='ocrx_word' id='word_1_176' title='bbox 357 3298 466 3364; x_wconf 83' lang='lat' dir='ltr'><strong>stum</strong></span> <span class='ocrx_word' id='word_1_177' title='bbox 484 3313 557 3363; x_wconf 90' lang='lat' dir='ltr'><strong>non</strong></span> <span class='ocrx_word' id='word_1_178' title='bbox 575 3289 686 3383; x_wconf 89' lang='lat' dir='ltr'><strong>adire,</strong></span> <span class='ocrx_word' id='word_1_179' title='bbox 704 3296 740 3362; x_wconf 90' lang='lat' dir='ltr'><strong>et</strong></span> <span class='ocrx_word' id='word_1_180' title='bbox 757 3288 816 3361; x_wconf 90' lang='lat' dir='ltr'><strong>hic</strong></span> <span class='ocrx_word' id='word_1_181' title='bbox 833 3289 981 3362; x_wconf 83' lang='lat' dir='ltr'><strong>arefecit</strong></span> <span class='ocrx_word' id='word_1_182' title='bbox 997 3287 1184 3363; x_wconf 88' lang='lat' dir='ltr'><strong>ficulneam</strong></span> <span class='ocrx_word' id='word_1_183' title='bbox 1202 3289 1290 3386; x_wconf 88' lang='lat' dir='ltr'><strong>ejus,</strong></span> <span class='ocrx_word' id='word_1_184' title='bbox 1307 3297 1348 3364; x_wconf 90' lang='lat' dir='ltr'><strong>ut</strong></span> <span class='ocrx_word' id='word_1_185' title='bbox 1368 3289 1462 3364; x_wconf 83' lang='lat' dir='ltr'><strong>invi-</strong></span> 
     </span>
     <span class='ocr_line' id='line_1_25' title="bbox 370 3390 1463 3489; baseline 0.005 -27"><span class='ocrx_word' id='word_1_186' title='bbox 370 3399 429 3465; x_wconf 83' lang='lat' dir='ltr'><strong>tus</strong></span> <span class='ocrx_word' id='word_1_187' title='bbox 447 3393 628 3489; x_wconf 88' lang='lat' dir='ltr'><strong>adipsum</strong></span> <span class='ocrx_word' id='word_1_188' title='bbox 644 3391 795 3484; x_wconf 82' lang='lat' dir='ltr'><strong>ueniret,</strong></span> <span class='ocrx_word' id='word_1_189' title='bbox 813 3392 897 3487; x_wconf 88' lang='lat' dir='ltr'><strong>quia</strong></span> <span class='ocrx_word' id='word_1_190' title='bbox 922 3390 1097 3465; x_wconf 88' lang='lat' dir='ltr'><strong>Dominus</strong></span> <span class='ocrx_word' id='word_1_191' title='bbox 1114 3393 1153 3466; x_wconf 91' lang='lat' dir='ltr'><strong>in</strong></span> <span class='ocrx_word' id='word_1_192' title='bbox 1171 3392 1335 3468; x_wconf 89' lang='lat' dir='ltr'><strong>omnibus</strong></span> <span class='ocrx_word' id='word_1_193' title='bbox 1360 3416 1463 3467; x_wconf 88' lang='lat' dir='ltr'><strong>occa-</strong></span> 
     </span>
    </p>
   </div>
   <div class='ocr_carea' id='block_1_7' title="bbox 245 3492 1154 3570">
    <p class='ocr_par' dir='ltr' id='par_1_8' title="bbox 245 3492 1154 3570">
     <span class='ocr_line' id='line_1_26' title="bbox 245 3492 1154 3570; baseline 0.003 -5"><span class='ocrx_word' id='word_1_194' title='bbox 245 3513 250 3523; x_wconf 91' lang='lat'>·</span> <span class='ocrx_word' id='word_1_195' title='bbox 371 3494 529 3567; x_wconf 87' lang='lat' dir='ltr'><strong>sionibus</strong></span> <span class='ocrx_word' id='word_1_196' title='bbox 548 3495 699 3567; x_wconf 84' lang='lat' dir='ltr'><strong>salutem</strong></span> <span class='ocrx_word' id='word_1_197' title='bbox 715 3492 898 3565; x_wconf 89' lang='lat' dir='ltr'><strong>hominum</strong></span> <span class='ocrx_word' id='word_1_198' title='bbox 917 3493 1154 3570; x_wconf 85' lang='lat' dir='ltr'><strong>desiderabat.</strong></span> 
     </span>
    </p>
   </div>
   <div class='ocr_carea' id='block_1_8' title="bbox 473 3592 1461 3695">
    <p class='ocr_par' dir='ltr' id='par_1_9' title="bbox 473 3592 1461 3695">
     <span class='ocr_line' id='line_1_27' title="bbox 473 3592 1461 3695; baseline 0.002 -26"><span class='ocrx_word' id='word_1_199' title='bbox 473 3597 612 3669; x_wconf 88' lang='lat' dir='ltr'><strong>Rursus</strong></span> <span class='ocrx_word' id='word_1_200' title='bbox 640 3595 782 3690; x_wconf 89' lang='lat' dir='ltr'><strong>quando</strong></span> <span class='ocrx_word' id='word_1_201' title='bbox 807 3595 922 3667; x_wconf 88' lang='lat' dir='ltr'><strong>dixit:</strong></span> <span class='ocrx_word' id='word_1_202' title='bbox 952 3595 1167 3671; x_wconf 72' lang='lat' dir='ltr'><strong>“Destruite</strong></span> <span class='ocrx_word' id='word_1_203' title='bbox 1193 3592 1367 3695; x_wconf 87' lang='lat' dir='ltr'><strong>templum</strong></span> <span class='ocrx_word' id='word_1_204' title='bbox 1392 3599 1461 3672; x_wconf 90' lang='lat' dir='ltr'><strong>hoe</strong></span> 
     </span>
    </p>
   </div>
   <div class='ocr_carea' id='block_1_9' title="bbox 370 3697 1532 3796">
    <p class='ocr_par' dir='ltr' id='par_1_10' title="bbox 370 3697 1532 3796">
     <span class='ocr_line' id='line_1_28' title="bbox 370 3697 1532 3796; baseline 0.005 -27"><span class='ocrx_word' id='word_1_205' title='bbox 370 3705 405 3770; x_wconf 89' lang='lat' dir='ltr'><strong>et</strong></span> <span class='ocrx_word' id='word_1_206' title='bbox 423 3699 530 3771; x_wconf 89' lang='lat' dir='ltr'><strong>tertia</strong></span> <span class='ocrx_word' id='word_1_207' title='bbox 547 3699 604 3770; x_wconf 88' lang='lat' dir='ltr'><strong>die</strong></span> <span class='ocrx_word' id='word_1_208' title='bbox 623 3698 800 3772; x_wconf 78' lang='lat' dir='ltr'><strong>suscitabo</strong></span> <span class='ocrx_word' id='word_1_209' title='bbox 818 3697 910 3770; x_wconf 92' lang='lat' dir='ltr'><strong>illud</strong></span> <span class='ocrx_word' id='word_1_210' title='bbox 927 3738 956 3793; x_wconf 67' lang='lat' dir='ltr'><strong>a,</strong></span> <span class='ocrx_word' id='word_1_211' title='bbox 976 3699 1008 3771; x_wconf 92' lang='lat' dir='ltr'><strong>ei</strong></span> <span class='ocrx_word' id='word_1_212' title='bbox 1027 3700 1307 3796; x_wconf 85' lang='lat' dir='ltr'><strong>responderunt:</strong></span> <span class='ocrx_word' id='word_1_213' title='bbox 1328 3723 1343 3758; x_wconf 68' lang='lat' dir='ltr'><strong>e</strong></span> <span class='ocrx_word' id='word_1_214' title='bbox 1361 3701 1458 3792; x_wconf 85' lang='lat' dir='ltr'><strong>Qua·</strong></span> <span class='ocrx_word' id='word_1_215' title='bbox 1527 3700 1532 3708; x_wconf 81' lang='grc'><em>“</em></span> 
     </span>
    </p>
   </div>
   <div class='ocr_carea' id='block_1_10' title="bbox 358 3793 1459 4106">
    <p class='ocr_par' dir='ltr' id='par_1_11' title="bbox 358 3793 1459 4106">
     <span class='ocr_line' id='line_1_29' title="bbox 368 3793 1458 3900; baseline 0.003 -27"><span class='ocrx_word' id='word_1_216' title='bbox 368 3801 537 3896; x_wconf 87' lang='lat' dir='ltr'><strong>draginta</strong></span> <span class='ocrx_word' id='word_1_217' title='bbox 565 3825 629 3874; x_wconf 85' lang='lat' dir='ltr'><strong>sex</strong></span> <span class='ocrx_word' id='word_1_218' title='bbox 656 3801 759 3874; x_wconf 87' lang='lat' dir='ltr'><strong>annis</strong></span> <span class='ocrx_word' id='word_1_219' title='bbox 784 3793 1017 3876; x_wconf 81' lang='lat' dir='ltr'><strong>¹aedificatum</strong></span> <span class='ocrx_word' id='word_1_220' title='bbox 1045 3813 1101 3876; x_wconf 88' lang='lat' dir='ltr'><strong>est</strong></span> <span class='ocrx_word' id='word_1_221' title='bbox 1126 3800 1299 3900; x_wconf 91' lang='lat' dir='ltr'><strong>templum</strong></span> <span class='ocrx_word' id='word_1_222' title='bbox 1324 3803 1401 3896; x_wconf 88' lang='lat' dir='ltr'><strong>hoo,</strong></span> <span class='ocrx_word' id='word_1_223' title='bbox 1420 3814 1458 3876; x_wconf 90' lang='lat' dir='ltr'><strong>et</strong></span> 
     </span>
     <span class='ocr_line' id='line_1_30' title="bbox 358 3898 1459 4002; baseline 0.004 -26"><span class='ocrx_word' id='word_1_224' title='bbox 358 3910 406 3977; x_wconf 88' lang='lat' dir='ltr'><strong>tu</strong></span> <span class='ocrx_word' id='word_1_225' title='bbox 424 3905 532 3977; x_wconf 87' lang='lat' dir='ltr'><strong>tertia</strong></span> <span class='ocrx_word' id='word_1_226' title='bbox 553 3904 610 3976; x_wconf 90' lang='lat' dir='ltr'><strong>die</strong></span> <span class='ocrx_word' id='word_1_227' title='bbox 638 3903 824 3978; x_wconf 86' lang='lat' dir='ltr'><strong>suscitabis</strong></span> <span class='ocrx_word' id='word_1_228' title='bbox 848 3904 937 3977; x_wconf 89' lang='lat' dir='ltr'><strong>illud</strong></span> <span class='ocrx_word' id='word_1_229' title='bbox 955 3945 969 3980; x_wconf 68' lang='lat' dir='ltr'><strong>a</strong></span> <span class='ocrx_word' id='word_1_230' title='bbox 987 3905 1014 3998; x_wconf 76' lang='lat'><strong>³,</strong></span> <span class='ocrx_word' id='word_1_231' title='bbox 1033 3898 1220 4002; x_wconf 85' lang='lat' dir='ltr'><strong>exquibus</strong></span> <span class='ocrx_word' id='word_1_232' title='bbox 1246 3911 1356 4002; x_wconf 86' lang='lat' dir='ltr'><strong>patet,</strong></span> <span class='ocrx_word' id='word_1_233' title='bbox 1373 3906 1459 3980; x_wconf 88' lang='lat' dir='ltr'><strong>illos</strong></span> 
     </span>
     <span class='ocr_line' id='line_1_31' title="bbox 365 4007 1456 4106; baseline 0.001 -26"><span class='ocrx_word' id='word_1_234' title='bbox 365 4032 437 4082; x_wconf 90' lang='lat' dir='ltr'><strong>non</strong></span> <span class='ocrx_word' id='word_1_235' title='bbox 454 4007 647 4082; x_wconf 85' lang='lat' dir='ltr'><strong>credidisse</strong></span> <span class='ocrx_word' id='word_1_236' title='bbox 666 4007 703 4078; x_wconf 94' lang='lat' dir='ltr'><strong>iu</strong></span> <span class='ocrx_word' id='word_1_237' title='bbox 722 4031 813 4080; x_wconf 90' lang='lat' dir='ltr'><strong>eum.</strong></span> <span class='ocrx_word' id='word_1_238' title='bbox 842 4007 986 4080; x_wconf 84' lang='lat' dir='ltr'><strong>Etcum</strong></span> <span class='ocrx_word' id='word_1_239' title='bbox 1006 4009 1038 4082; x_wconf 89' lang='lat' dir='ltr'><strong>ei</strong></span> <span class='ocrx_word' id='word_1_240' title='bbox 1057 4015 1304 4083; x_wconf 88' lang='lat' dir='ltr'><strong>ornamentum</strong></span> <span class='ocrx_word' id='word_1_241' title='bbox 1329 4009 1456 4106; x_wconf 89' lang='lat' dir='ltr'><strong>templi</strong></span> 
     </span>
    </p>
   </div>
   <div class='ocr_carea' id='block_1_11' title="bbox 363 4207 1456 4518">
    <p class='ocr_par' dir='ltr' id='par_1_12' title="bbox 445 4207 1226 4286">
     <span class='ocr_line' id='line_1_32' title="bbox 445 4207 1226 4286; baseline 0.001 -20"><span class='ocrx_word' id='word_1_242' title='bbox 445 4211 472 4266; x_wconf 89' lang='lat'><strong>1.</strong></span> <span class='ocrx_word' id='word_1_243' title='bbox 493 4208 542 4265; x_wconf 86' lang='lat' dir='ltr'><strong>Ad</strong></span> <span class='ocrx_word' id='word_1_244' title='bbox 556 4207 700 4266; x_wconf 83' lang='lat' dir='ltr'><strong>verbum:</strong></span> <span class='ocrx_word' id='word_1_245' title='bbox 714 4209 795 4267; x_wconf 82' lang='lat' dir='ltr'><strong>Ecce</strong></span> <span class='ocrx_word' id='word_1_246' title='bbox 810 4209 911 4268; x_wconf 88' lang='lat' dir='ltr'><strong>oratio</strong></span> <span class='ocrx_word' id='word_1_247' title='bbox 925 4210 992 4286; x_wconf 89' lang='lat' dir='ltr'><strong>ejus</strong></span> <span class='ocrx_word' id='word_1_248' title='bbox 1008 4209 1054 4268; x_wconf 85' lang='lat' dir='ltr'><strong>ira</strong></span> <span class='ocrx_word' id='word_1_249' title='bbox 1071 4209 1154 4270; x_wconf 82' lang='lat' dir='ltr'><strong>lacta</strong></span> <span class='ocrx_word' id='word_1_250' title='bbox 1168 4214 1226 4270; x_wconf 87' lang='lat' dir='ltr'><strong>est.</strong></span> 
     </span>
    </p>

    <p class='ocr_par' dir='ltr' id='par_1_13' title="bbox 363 4286 1456 4442">
     <span class='ocr_line' id='line_1_33' title="bbox 442 4286 1456 4360; baseline 0.002 -18"><span class='ocrx_word' id='word_1_251' title='bbox 442 4290 471 4342; x_wconf 81' lang='lat'><strong>2.</strong></span> <span class='ocrx_word' id='word_1_252' title='bbox 492 4287 585 4344; x_wconf 78' lang='lat' dir='ltr'><strong>Daue.</strong></span> <span class='ocrx_word' id='word_1_253' title='bbox 601 4289 649 4360; x_wconf 81' lang='lat'><strong>24,</strong></span> <span class='ocrx_word' id='word_1_254' title='bbox 666 4287 766 4344; x_wconf 82' lang='lat'><strong>19-21.</strong></span> <span class='ocrx_word' id='word_1_255' title='bbox 788 4286 904 4346; x_wconf 89' lang='lat' dir='ltr'><strong>&#39;Ultima</strong></span> <span class='ocrx_word' id='word_1_256' title='bbox 924 4288 1078 4346; x_wconf 87' lang='lat' dir='ltr'><strong>sententia</strong></span> <span class='ocrx_word' id='word_1_257' title='bbox 1091 4289 1131 4348; x_wconf 89' lang='lat' dir='ltr'><strong>ad</strong></span> <span class='ocrx_word' id='word_1_258' title='bbox 1145 4288 1275 4349; x_wconf 85' lang='lat' dir='ltr'><strong>verbum</strong></span> <span class='ocrx_word' id='word_1_259' title='bbox 1296 4288 1340 4348; x_wconf 85' lang='lat' dir='ltr'><strong>sle</strong></span> <span class='ocrx_word' id='word_1_260' title='bbox 1360 4286 1456 4346; x_wconf 87' lang='lat' dir='ltr'><strong>habe-</strong></span> 
     </span>
     <span class='ocr_line' id='line_1_34' title="bbox 363 4363 1316 4442; baseline 0.006 -20"><span class='ocrx_word' id='word_1_261' title='bbox 363 4370 432 4423; x_wconf 84' lang='lat' dir='ltr'><strong>tur:</strong></span> <span class='ocrx_word' id='word_1_262' title='bbox 447 4365 496 4420; x_wconf 87' lang='lat' dir='ltr'><strong>Ita</strong></span> <span class='ocrx_word' id='word_1_263' title='bbox 510 4365 601 4423; x_wconf 84' lang='lat' dir='ltr'><strong>etiam</strong></span> <span class='ocrx_word' id='word_1_264' title='bbox 618 4363 729 4436; x_wconf 87' lang='lat' dir='ltr'><strong>omnia,</strong></span> <span class='ocrx_word' id='word_1_265' title='bbox 746 4381 824 4440; x_wconf 87' lang='lat' dir='ltr'><strong>quae</strong></span> <span class='ocrx_word' id='word_1_266' title='bbox 839 4365 990 4442; x_wconf 85' lang='lat' dir='ltr'><strong>possides,</strong></span> <span class='ocrx_word' id='word_1_267' title='bbox 1004 4365 1116 4440; x_wconf 58' lang='lat' dir='ltr'><strong>facies„</strong></span> <span class='ocrx_word' id='word_1_268' title='bbox 1314 4383 1316 4388; x_wconf 86' lang='lat'>·</span> 
     </span>
    </p>

    <p class='ocr_par' dir='ltr' id='par_1_14' title="bbox 440 4443 735 4518">
     <span class='ocr_line' id='line_1_35' title="bbox 440 4443 735 4518; baseline 0.003 -19"><span class='ocrx_word' id='word_1_269' title='bbox 440 4447 466 4499; x_wconf 80' lang='lat'><strong>3.</strong></span> <span class='ocrx_word' id='word_1_270' title='bbox 488 4443 576 4500; x_wconf 72' lang='lat' dir='ltr'><strong>lois.</strong></span> <span class='ocrx_word' id='word_1_271' title='bbox 587 4445 616 4518; x_wconf 77' lang='lat'><strong>2,</strong></span> <span class='ocrx_word' id='word_1_272' title='bbox 632 4444 735 4501; x_wconf 66' lang='lat' dir='ltr'><strong>lta-20.</strong></span> 
     </span>
    </p>
   </div>
   <div class='ocr_carea' id='block_1_12' title="bbox 0 0 1670 5200">
    <p class='ocr_par' dir='ltr' id='par_1_15' title="bbox 0 0 1670 5200">
     <span class='ocr_line' id='line_1_36' title="bbox 0 0 1670 5200; baseline 0 0"><span class='ocrx_word' id='word_1_273' title='bbox 0 0 1670 5200; x_wconf 95' lang='lat' dir='ltr'><strong> </strong></span> 
     </span>
    </p>
   </div>
  </div>
 </body>
</html>
