<?xml version="1.0" encoding="UTF-8"?>
<!DOCTYPE html PUBLIC "-//W3C//DTD XHTML 1.0 Transitional//EN"
    "http://www.w3.org/TR/xhtml1/DTD/xhtml1-transitional.dtd">
<html xmlns="http://www.w3.org/1999/xhtml" xml:lang="en" lang="en">
 <head>
  <title>
</title>
<meta http-equiv="Content-Type" content="text/html;charset=utf-8" />
  <meta name='ocr-system' content='tesseract 3.04.00' />
  <meta name='ocr-capabilities' content='ocr_page ocr_carea ocr_par ocr_line ocrx_word'/>
</head>
<body>
  <div class='ocr_page' id='page_1' title='image "./evangeliiconcor01msgoog_0232.png"; bbox 0 0 3302 5186; ppageno 0'>
   <div class='ocr_carea' id='block_1_1' title="bbox 1215 414 1466 492">
    <p class='ocr_par' dir='ltr' id='par_1_1' title="bbox 1215 414 1466 492">
     <span class='ocr_line' id='line_1_1' title="bbox 1215 414 1466 492; baseline 0.024 -8"><span class='ocrx_word' id='word_1_1' title='bbox 1215 414 1466 492; x_wconf 76' lang='lat'>211,¹</span> 
     </span>
    </p>
   </div>
   <div class='ocr_carea' id='block_1_2' title="bbox 1 503 1288 1168">
    <p class='ocr_par' dir='ltr' id='par_1_2' title="bbox 1 503 1284 742">
     <span class='ocr_line' id='line_1_2' title="bbox 206 503 1284 646; baseline -0.004 -23"><span class='ocrx_word' id='word_1_2' title='bbox 206 547 306 626; x_wconf 77' lang='lat' dir='ltr'>terea</span> <span class='ocrx_word' id='word_1_3' title='bbox 336 544 551 646; x_wconf 76' lang='lat' dir='ltr'>explanavit,</span> <span class='ocrx_word' id='word_1_4' title='bbox 568 541 760 616; x_wconf 82' lang='lat' dir='ltr'>adventum</span> <span class='ocrx_word' id='word_1_5' title='bbox 779 565 881 614; x_wconf 88' lang='lat' dir='ltr'>suum</span> <span class='ocrx_word' id='word_1_6' title='bbox 911 503 1050 639; x_wconf 72' lang='lat' dir='ltr'>plublice</span> <span class='ocrx_word' id='word_1_7' title='bbox 1069 549 1104 614; x_wconf 90' lang='lat' dir='ltr'>et</span> <span class='ocrx_word' id='word_1_8' title='bbox 1122 543 1284 619; x_wconf 86' lang='lat' dir='ltr'>solemni-</span> 
     </span>
     <span class='ocr_line' id='line_1_3' title="bbox 1 646 1283 742; baseline -0.003 -15"><span class='ocrx_word' id='word_1_9' title='bbox 1 721 2 738; x_wconf 48' lang='lat'>,</span> <span class='ocrx_word' id='word_1_10' title='bbox 185 661 263 734; x_wconf 63' lang='lat' dir='ltr'>‚ter</span> <span class='ocrx_word' id='word_1_11' title='bbox 279 660 488 730; x_wconf 83' lang='lat' dir='ltr'>eventurum</span> <span class='ocrx_word' id='word_1_12' title='bbox 514 665 603 742; x_wconf 88' lang='lat' dir='ltr'>esse,</span> <span class='ocrx_word' id='word_1_13' title='bbox 629 669 700 718; x_wconf 91' lang='lat' dir='ltr'>non</span> <span class='ocrx_word' id='word_1_14' title='bbox 726 646 830 718; x_wconf 90' lang='lat' dir='ltr'>sicuti</span> <span class='ocrx_word' id='word_1_15' title='bbox 856 670 920 720; x_wconf 87' lang='lat' dir='ltr'>sua</span> <span class='ocrx_word' id='word_1_16' title='bbox 944 646 1110 722; x_wconf 80' lang='lat' dir='ltr'><strong>nativitas</strong></span> <span class='ocrx_word' id='word_1_17' title='bbox 1126 649 1243 723; x_wconf 87' lang='lat' dir='ltr'>fuerat</span> <span class='ocrx_word' id='word_1_18' title='bbox 1258 651 1283 723; x_wconf 80' lang='lat'>⁴.</span> 
     </span>
    </p>

    <p class='ocr_par' dir='ltr' id='par_1_3' title="bbox 107 749 1288 1168">
     <span class='ocr_line' id='line_1_4' title="bbox 107 749 1283 846; baseline -0.003 -15"><span class='ocrx_word' id='word_1_19' title='bbox 107 825 109 831; x_wconf 46' lang='lat'>.</span> <span class='ocrx_word' id='word_1_20' title='bbox 208 759 258 832; x_wconf 82' lang='lat' dir='ltr'>Si</span> <span class='ocrx_word' id='word_1_21' title='bbox 296 755 510 832; x_wconf 86' lang='lat' dir='ltr'>dixerint</span> <span class='ocrx_word' id='word_1_22' title='bbox 534 750 689 826; x_wconf 81' lang='lat' dir='ltr'>vobis:</span> <span class='ocrx_word' id='word_1_23' title='bbox 729 749 845 823; x_wconf 82' lang='lat' dir='ltr'>Ecce</span> <span class='ocrx_word' id='word_1_24' title='bbox 882 750 958 823; x_wconf 90' lang='lat' dir='ltr'>hic</span> <span class='ocrx_word' id='word_1_25' title='bbox 998 759 1089 846; x_wconf 89' lang='lat' dir='ltr'>est,</span> <span class='ocrx_word' id='word_1_26' title='bbox 1130 753 1283 828; x_wconf 90' lang='lat' dir='ltr'>nolite</span> 
     </span>
     <span class='ocr_line' id='line_1_5' title="bbox 206 850 1284 958; baseline -0.001 -24"><span class='ocrx_word' id='word_1_27' title='bbox 206 863 413 936; x_wconf 87' lang='lat' dir='ltr'>credere.</span> <span class='ocrx_word' id='word_1_28' title='bbox 453 858 586 932; x_wconf 84' lang='lat' dir='ltr'>Sicut</span> <span class='ocrx_word' id='word_1_29' title='bbox 619 853 795 949; x_wconf 84' lang='lat' dir='ltr'>fulgur,</span> <span class='ocrx_word' id='word_1_30' title='bbox 824 855 956 958; x_wconf 34' lang='lat' dir='ltr'>,quod</span> <span class='ocrx_word' id='word_1_31' title='bbox 994 850 1284 952; x_wconf 80' lang='lat' dir='ltr'>resplendet.</span> 
     </span>
     <span class='ocr_line' id='line_1_6' title="bbox 207 956 1288 1056; baseline -0.005 -17"><span class='ocrx_word' id='word_1_32' title='bbox 207 965 321 1040; x_wconf 80' lang='lat' dir='ltr'>Sicuti</span> <span class='ocrx_word' id='word_1_33' title='bbox 336 963 433 1039; x_wconf 79' lang='lat' dir='ltr'>iures</span> <span class='ocrx_word' id='word_1_34' title='bbox 446 961 462 1011; x_wconf 71' lang='lat'>²</span> <span class='ocrx_word' id='word_1_35' title='bbox 477 965 663 1052; x_wconf 87' lang='lat' dir='ltr'>venerunt,</span> <span class='ocrx_word' id='word_1_36' title='bbox 681 956 820 1054; x_wconf 88' lang='lat' dir='ltr'>quando</span> <span class='ocrx_word' id='word_1_37' title='bbox 836 963 941 1030; x_wconf 91' lang='lat' dir='ltr'>natus</span> <span class='ocrx_word' id='word_1_38' title='bbox 968 967 1032 1056; x_wconf 89' lang='lat' dir='ltr'>est,</span> <span class='ocrx_word' id='word_1_39' title='bbox 1050 957 1100 1032; x_wconf 91' lang='lat' dir='ltr'>ita</span> <span class='ocrx_word' id='word_1_40' title='bbox 1118 967 1154 1032; x_wconf 91' lang='lat' dir='ltr'>et</span> <span class='ocrx_word' id='word_1_41' title='bbox 1179 957 1288 1035; x_wconf 72' lang='lat' dir='ltr'>latro-</span> 
     </span>
     <span class='ocr_line' id='line_1_7' title="bbox 208 1060 1287 1168; baseline -0.006 -26"><span class='ocrx_word' id='word_1_42' title='bbox 208 1093 274 1144; x_wconf 88' lang='lat' dir='ltr'>nes</span> <span class='ocrx_word' id='word_1_43' title='bbox 299 1078 457 1168; x_wconf 88' lang='lat' dir='ltr'>tempore</span> <span class='ocrx_word' id='word_1_44' title='bbox 483 1065 657 1138; x_wconf 84' lang='lat' dir='ltr'>adventus</span> <span class='ocrx_word' id='word_1_45' title='bbox 674 1063 749 1159; x_wconf 89' lang='lat' dir='ltr'>ejus</span> <span class='ocrx_word' id='word_1_46' title='bbox 766 1060 911 1133; x_wconf 82' lang='lat' dir='ltr'>uenient</span> <span class='ocrx_word' id='word_1_47' title='bbox 928 1069 964 1134; x_wconf 89' lang='lat' dir='ltr'>et</span> <span class='ocrx_word' id='word_1_48' title='bbox 989 1087 1149 1136; x_wconf 83' lang='lat' dir='ltr'>rumores</span> <span class='ocrx_word' id='word_1_49' title='bbox 1174 1063 1287 1137; x_wconf 89' lang='lat' dir='ltr'>incre-</span> 
     </span>
    </p>
   </div>
   <div class='ocr_carea' id='block_1_3' title="bbox 149 1164 1289 1686">
    <p class='ocr_par' dir='ltr' id='par_1_4' title="bbox 149 1164 1289 1686">
     <span class='ocr_line' id='line_1_8' title="bbox 209 1164 1287 1264; baseline -0.005 -17"><span class='ocrx_word' id='word_1_50' title='bbox 209 1175 363 1254; x_wconf 82' lang='lat' dir='ltr'>bescant.</span> <span class='ocrx_word' id='word_1_51' title='bbox 389 1170 511 1244; x_wconf 84' lang='lat' dir='ltr'>Nolite</span> <span class='ocrx_word' id='word_1_52' title='bbox 540 1177 626 1264; x_wconf 86' lang='lat' dir='ltr'>ergo</span> <span class='ocrx_word' id='word_1_53' title='bbox 656 1167 754 1238; x_wconf 85' lang='lat' dir='ltr'>exire</span> <span class='ocrx_word' id='word_1_54' title='bbox 785 1164 830 1236; x_wconf 91' lang='lat' dir='ltr'>ad</span> <span class='ocrx_word' id='word_1_55' title='bbox 860 1167 1100 1261; x_wconf 87' lang='lat' dir='ltr'>quaerendum</span> <span class='ocrx_word' id='word_1_56' title='bbox 1131 1191 1223 1262; x_wconf 88' lang='lat' dir='ltr'>eum,</span> <span class='ocrx_word' id='word_1_57' title='bbox 1240 1191 1287 1242; x_wconf 88' lang='lat' dir='ltr'>ne</span> 
     </span>
     <span class='ocr_line' id='line_1_9' title="bbox 209 1267 1289 1375; baseline -0.005 -25"><span class='ocrx_word' id='word_1_58' title='bbox 209 1275 406 1375; x_wconf 85' lang='lat' dir='ltr'>sequamini</span> <span class='ocrx_word' id='word_1_59' title='bbox 423 1268 650 1348; x_wconf 72' lang='lat' dir='ltr'>voluntarie⁵</span> <span class='ocrx_word' id='word_1_60' title='bbox 673 1267 780 1342; x_wconf 90' lang='lat' dir='ltr'>illum·</span> <span class='ocrx_word' id='word_1_61' title='bbox 801 1273 1104 1364; x_wconf 83' lang='lat' dir='ltr'>perturbatorem,</span> <span class='ocrx_word' id='word_1_62' title='bbox 1126 1293 1192 1344; x_wconf 90' lang='lat' dir='ltr'>nec</span> <span class='ocrx_word' id='word_1_63' title='bbox 1217 1271 1289 1369; x_wconf 86' lang='lat' dir='ltr'>ipsi</span> 
     </span>
     <span class='ocr_line' id='line_1_10' title="bbox 209 1371 1289 1480; baseline -0.005 -27"><span class='ocrx_word' id='word_1_64' title='bbox 209 1379 406 1480; x_wconf 84' lang='lat' dir='ltr'>capiamini.</span> <span class='ocrx_word' id='word_1_65' title='bbox 434 1377 527 1467; x_wconf 84' lang='lat' dir='ltr'>Quia</span> <span class='ocrx_word' id='word_1_66' title='bbox 543 1398 628 1470; x_wconf 87' lang='lat' dir='ltr'>crgo</span> <span class='ocrx_word' id='word_1_67' title='bbox 647 1373 723 1470; x_wconf 92' lang='lat' dir='ltr'>ipse</span> <span class='ocrx_word' id='word_1_68' title='bbox 749 1377 804 1445; x_wconf 89' lang='lat' dir='ltr'>est</span> <span class='ocrx_word' id='word_1_69' title='bbox 829 1371 992 1448; x_wconf 91' lang='lat' dir='ltr'>dominus</span> <span class='ocrx_word' id='word_1_70' title='bbox 1018 1374 1131 1470; x_wconf 87' lang='lat' dir='ltr'>regni,</span> <span class='ocrx_word' id='word_1_71' title='bbox 1153 1375 1289 1473; x_wconf 81' lang='lat' dir='ltr'>placuit</span> 
     </span>
     <span class='ocr_line' id='line_1_11' title="bbox 207 1476 1288 1584; baseline -0.007 -24"><span class='ocrx_word' id='word_1_72' title='bbox 207 1485 253 1582; x_wconf 89' lang='lat' dir='ltr'>ci,</span> <span class='ocrx_word' id='word_1_73' title='bbox 270 1483 458 1584; x_wconf 86' lang='lat' dir='ltr'>purificare</span> <span class='ocrx_word' id='word_1_74' title='bbox 476 1481 513 1553; x_wconf 91' lang='lat' dir='ltr'>in</span> <span class='ocrx_word' id='word_1_75' title='bbox 532 1480 669 1575; x_wconf 86' lang='lat' dir='ltr'>seipso</span> <span class='ocrx_word' id='word_1_76' title='bbox 695 1476 859 1571; x_wconf 79' lang='lat' dir='ltr'>regiones</span> <span class='ocrx_word' id='word_1_77' title='bbox 887 1477 1046 1552; x_wconf 87' lang='lat' dir='ltr'>excelsas</span> <span class='ocrx_word' id='word_1_78' title='bbox 1073 1485 1108 1550; x_wconf 93' lang='lat' dir='ltr'>ct</span> <span class='ocrx_word' id='word_1_79' title='bbox 1129 1482 1288 1576; x_wconf 89' lang='lat' dir='ltr'>superio-</span> 
     </span>
     <span class='ocr_line' id='line_1_12' title="bbox 149 1579 1287 1686; baseline -0.004 -24"><span class='ocrx_word' id='word_1_80' title='bbox 149 1657 151 1662; x_wconf 66' lang='lat'>,</span> <span class='ocrx_word' id='word_1_81' title='bbox 207 1611 277 1686; x_wconf 85' lang='lat' dir='ltr'>res,</span> <span class='ocrx_word' id='word_1_82' title='bbox 294 1589 469 1682; x_wconf 85' lang='lat' dir='ltr'>simulque</span> <span class='ocrx_word' id='word_1_83' title='bbox 487 1583 676 1680; x_wconf 86' lang='lat' dir='ltr'>purificare</span> <span class='ocrx_word' id='word_1_84' title='bbox 701 1579 896 1652; x_wconf 84' lang='lat' dir='ltr'>inferiores.</span> <span class='ocrx_word' id='word_1_85' title='bbox 923 1580 1026 1669; x_wconf 87' lang='lat' dir='ltr'>Quod</span> <span class='ocrx_word' id='word_1_86' title='bbox 1043 1589 1161 1655; x_wconf 89' lang='lat' dir='ltr'>autem</span> <span class='ocrx_word' id='word_1_87' title='bbox 1178 1583 1287 1658; x_wconf 88' lang='lat' dir='ltr'>dicit:</span> 
     </span>
    </p>
   </div>
   <div class='ocr_carea' id='block_1_4' title="bbox 208 1682 1401 1783">
    <p class='ocr_par' dir='ltr' id='par_1_5' title="bbox 208 1682 1401 1783">
     <span class='ocr_line' id='line_1_13' title="bbox 208 1682 1401 1783; baseline -0.008 -15"><span class='ocrx_word' id='word_1_88' title='bbox 208 1717 225 1751; x_wconf 59' lang='lat' dir='ltr'>s</span> <span class='ocrx_word' id='word_1_89' title='bbox 243 1692 430 1767; x_wconf 88' lang='lat' dir='ltr'>Mundabit</span> <span class='ocrx_word' id='word_1_90' title='bbox 458 1689 599 1759; x_wconf 89' lang='lat' dir='ltr'>domum</span> <span class='ocrx_word' id='word_1_91' title='bbox 634 1684 737 1780; x_wconf 90' lang='lat' dir='ltr'>regni</span> <span class='ocrx_word' id='word_1_92' title='bbox 766 1682 822 1755; x_wconf 87' lang='lat' dir='ltr'>sui</span> <span class='ocrx_word' id='word_1_93' title='bbox 849 1685 893 1756; x_wconf 91' lang='lat' dir='ltr'>ab</span> <span class='ocrx_word' id='word_1_94' title='bbox 920 1686 1015 1760; x_wconf 89' lang='lat' dir='ltr'>omui</span> <span class='ocrx_word' id='word_1_95' title='bbox 1049 1686 1241 1762; x_wconf 78' lang='lat' dir='ltr'>scandalo„</span> <span class='ocrx_word' id='word_1_96' title='bbox 1258 1687 1286 1783; x_wconf 72' lang='lat'>¹¹,</span> <span class='ocrx_word' id='word_1_97' title='bbox 1399 1695 1401 1708; x_wconf 81' lang='lat'>&#39;</span> 
     </span>
    </p>
   </div>
   <div class='ocr_carea' id='block_1_5' title="bbox 144 1787 1336 3861">
    <p class='ocr_par' dir='ltr' id='par_1_6' title="bbox 207 1787 1289 1998">
     <span class='ocr_line' id='line_1_14' title="bbox 207 1787 1289 1892; baseline -0.006 -22"><span class='ocrx_word' id='word_1_98' title='bbox 207 1797 367 1892; x_wconf 89' lang='lat' dir='ltr'>intellige</span> <span class='ocrx_word' id='word_1_99' title='bbox 386 1795 544 1866; x_wconf 83' lang='lat' dir='ltr'>deterre</span> <span class='ocrx_word' id='word_1_100' title='bbox 562 1797 597 1861; x_wconf 88' lang='lat' dir='ltr'>et</span> <span class='ocrx_word' id='word_1_101' title='bbox 614 1790 721 1862; x_wconf 89' lang='lat' dir='ltr'>rebus</span> <span class='ocrx_word' id='word_1_102' title='bbox 746 1787 887 1881; x_wconf 88' lang='lat' dir='ltr'>creatis,</span> <span class='ocrx_word' id='word_1_103' title='bbox 906 1811 993 1884; x_wconf 90' lang='lat' dir='ltr'>quas</span> <span class='ocrx_word' id='word_1_104' title='bbox 1011 1789 1206 1886; x_wconf 81' lang='lat' dir='ltr'>renovabit,</span> <span class='ocrx_word' id='word_1_105' title='bbox 1223 1791 1289 1866; x_wconf 78' lang='lat' dir='ltr'>ibi-</span> 
     </span>
     <span class='ocr_line' id='line_1_15' title="bbox 208 1891 720 1998; baseline -0.018 -26"><span class='ocrx_word' id='word_1_106' title='bbox 208 1924 277 1997; x_wconf 80' lang='lat' dir='ltr'>que</span> <span class='ocrx_word' id='word_1_107' title='bbox 289 1901 406 1998; x_wconf 85' lang='lat' dir='ltr'>justos</span> <span class='ocrx_word' id='word_1_108' title='bbox 425 1918 508 1970; x_wconf 90' lang='lat' dir='ltr'>suos</span> <span class='ocrx_word' id='word_1_109' title='bbox 526 1891 720 1970; x_wconf 86' lang='lat' dir='ltr'>collocabit.</span> 
     </span>
    </p>

    <p class='ocr_par' dir='ltr' id='par_1_7' title="bbox 205 1994 1292 3128">
     <span class='ocr_line' id='line_1_16' title="bbox 310 1994 1286 2094; baseline -0.006 -17"><span class='ocrx_word' id='word_1_110' title='bbox 310 2003 403 2079; x_wconf 86' lang='lat' dir='ltr'>Vae</span> <span class='ocrx_word' id='word_1_111' title='bbox 430 1999 562 2073; x_wconf 84' lang='lat' dir='ltr'>robis</span> <span class='ocrx_word' id='word_1_112' title='bbox 602 1994 944 2091; x_wconf 85' lang='lat' dir='ltr'>Legisperitis,</span> <span class='ocrx_word' id='word_1_113' title='bbox 970 1997 1057 2094; x_wconf 84' lang='lat' dir='ltr'>qui</span> <span class='ocrx_word' id='word_1_114' title='bbox 1097 2000 1286 2072; x_wconf 81' lang='lat' dir='ltr'>abscon-</span> 
     </span>
     <span class='ocr_line' id='line_1_17' title="bbox 207 2098 1289 2200; baseline -0.005 -21"><span class='ocrx_word' id='word_1_115' title='bbox 207 2106 326 2180; x_wconf 85' lang='lat' dir='ltr'>ditis</span> <span class='ocrx_word' id='word_1_116' title='bbox 353 2105 512 2180; x_wconf 75' lang='lat' dir='ltr'>clares</span> <span class='ocrx_word' id='word_1_117' title='bbox 530 2102 629 2198; x_wconf 83' lang='lat' dir='ltr'>(Luc.</span> <span class='ocrx_word' id='word_1_118' title='bbox 646 2103 701 2192; x_wconf 88' lang='lat'>11,</span> <span class='ocrx_word' id='word_1_119' title='bbox 722 2099 794 2192; x_wconf 77' lang='lat'>52),</span> <span class='ocrx_word' id='word_1_120' title='bbox 812 2098 895 2194; x_wconf 91' lang='lat' dir='ltr'>quia</span> <span class='ocrx_word' id='word_1_121' title='bbox 921 2102 1143 2176; x_wconf 87' lang='lat' dir='ltr'>occultarunt</span> <span class='ocrx_word' id='word_1_122' title='bbox 1169 2101 1289 2200; x_wconf 90' lang='lat' dir='ltr'>cogni·</span> 
     </span>
     <span class='ocr_line' id='line_1_18' title="bbox 207 2200 1291 2303; baseline -0.002 -21"><span class='ocrx_word' id='word_1_123' title='bbox 207 2209 340 2284; x_wconf 89' lang='lat' dir='ltr'>tionem</span> <span class='ocrx_word' id='word_1_124' title='bbox 357 2205 584 2284; x_wconf 84' lang='lat' dir='ltr'>revelationis</span> <span class='ocrx_word' id='word_1_125' title='bbox 601 2200 755 2295; x_wconf 89' lang='lat' dir='ltr'>Domini,</span> <span class='ocrx_word' id='word_1_126' title='bbox 774 2226 863 2298; x_wconf 88' lang='lat' dir='ltr'>quae</span> <span class='ocrx_word' id='word_1_127' title='bbox 882 2203 919 2276; x_wconf 94' lang='lat' dir='ltr'>in</span> <span class='ocrx_word' id='word_1_128' title='bbox 935 2202 1118 2303; x_wconf 85' lang='lat' dir='ltr'>prophetis</span> <span class='ocrx_word' id='word_1_129' title='bbox 1137 2213 1223 2280; x_wconf 85' lang='lat' dir='ltr'>erat</span> <span class='ocrx_word' id='word_1_130' title='bbox 1251 2205 1291 2281; x_wconf 77' lang='lat' dir='ltr'>Si</span> 
     </span>
     <span class='ocr_line' id='line_1_19' title="bbox 208 2308 1291 2408; baseline -0.004 -21"><span class='ocrx_word' id='word_1_131' title='bbox 208 2315 303 2388; x_wconf 90' lang='lat' dir='ltr'>enim</span> <span class='ocrx_word' id='word_1_132' title='bbox 320 2313 504 2404; x_wconf 89' lang='lat' dir='ltr'>Dominus,</span> <span class='ocrx_word' id='word_1_133' title='bbox 522 2317 563 2382; x_wconf 92' lang='lat' dir='ltr'>ut</span> <span class='ocrx_word' id='word_1_134' title='bbox 579 2308 656 2405; x_wconf 85' lang='lat' dir='ltr'>ipse</span> <span class='ocrx_word' id='word_1_135' title='bbox 674 2313 836 2400; x_wconf 89' lang='lat' dir='ltr'>testatur,</span> <span class='ocrx_word' id='word_1_136' title='bbox 856 2313 959 2403; x_wconf 89' lang='lat' dir='ltr'>porta</span> <span class='ocrx_word' id='word_1_137' title='bbox 977 2317 1041 2405; x_wconf 89' lang='lat' dir='ltr'>est,</span> <span class='ocrx_word' id='word_1_138' title='bbox 1059 2315 1168 2408; x_wconf 86' lang='lat' dir='ltr'>patet,</span> <span class='ocrx_word' id='word_1_139' title='bbox 1183 2311 1291 2384; x_wconf 84' lang='lat' dir='ltr'>etiam</span> 
     </span>
     <span class='ocr_line' id='line_1_20' title="bbox 207 2410 1291 2511; baseline -0.007 -17"><span class='ocrx_word' id='word_1_140' title='bbox 207 2418 285 2494; x_wconf 90' lang='lat' dir='ltr'>dari</span> <span class='ocrx_word' id='word_1_141' title='bbox 309 2417 426 2491; x_wconf 81' lang='lat' dir='ltr'>clares</span> <span class='ocrx_word' id='word_1_142' title='bbox 453 2412 664 2510; x_wconf 80' lang='lat' dir='ltr'>cognitionis</span> <span class='ocrx_word' id='word_1_143' title='bbox 691 2412 777 2507; x_wconf 85' lang='lat' dir='ltr'>ejus.</span> <span class='ocrx_word' id='word_1_144' title='bbox 805 2410 876 2482; x_wconf 90' lang='lat' dir='ltr'>Per</span> <span class='ocrx_word' id='word_1_145' title='bbox 902 2411 994 2484; x_wconf 89' lang='lat' dir='ltr'>hanc</span> <span class='ocrx_word' id='word_1_146' title='bbox 1020 2422 1157 2511; x_wconf 88' lang='lat' dir='ltr'>portam</span> <span class='ocrx_word' id='word_1_147' title='bbox 1194 2415 1291 2487; x_wconf 82' lang='lat' dir='ltr'>vitae</span> 
     </span>
     <span class='ocr_line' id='line_1_21' title="bbox 205 2514 1289 2610; baseline -0.008 -13"><span class='ocrx_word' id='word_1_148' title='bbox 205 2523 351 2597; x_wconf 82' lang='lat' dir='ltr'>Scribae</span> <span class='ocrx_word' id='word_1_149' title='bbox 369 2528 405 2591; x_wconf 89' lang='lat' dir='ltr'>et</span> <span class='ocrx_word' id='word_1_150' title='bbox 423 2515 606 2590; x_wconf 80' lang='lat' dir='ltr'>Pharisaei</span> <span class='ocrx_word' id='word_1_151' title='bbox 631 2514 822 2586; x_wconf 89' lang='lat' dir='ltr'>noluerunt</span> <span class='ocrx_word' id='word_1_152' title='bbox 847 2515 992 2610; x_wconf 88' lang='lat' dir='ltr'>intrare,</span> <span class='ocrx_word' id='word_1_153' title='bbox 1010 2525 1050 2590; x_wconf 92' lang='lat' dir='ltr'>ut</span> <span class='ocrx_word' id='word_1_154' title='bbox 1068 2524 1103 2589; x_wconf 90' lang='lat' dir='ltr'>et</span> <span class='ocrx_word' id='word_1_155' title='bbox 1125 2517 1289 2590; x_wconf 86' lang='lat' dir='ltr'>dixerat:</span> 
     </span>
     <span class='ocr_line' id='line_1_22' title="bbox 209 2617 1291 2718; baseline 0.001 -22"><span class='ocrx_word' id='word_1_156' title='bbox 209 2645 226 2680; x_wconf 63' lang='lat' dir='ltr'>s</span> <span class='ocrx_word' id='word_1_157' title='bbox 247 2624 350 2714; x_wconf 85' lang='lat' dir='ltr'>Ecce,</span> <span class='ocrx_word' id='word_1_158' title='bbox 379 2645 528 2718; x_wconf 87' lang='lat' dir='ltr'>regnum</span> <span class='ocrx_word' id='word_1_159' title='bbox 559 2618 653 2690; x_wconf 89' lang='lat' dir='ltr'>intra</span> <span class='ocrx_word' id='word_1_160' title='bbox 674 2617 712 2689; x_wconf 91' lang='lat' dir='ltr'>in</span> <span class='ocrx_word' id='word_1_161' title='bbox 737 2617 841 2690; x_wconf 87' lang='lat' dir='ltr'>corde</span> <span class='ocrx_word' id='word_1_162' title='bbox 872 2626 1011 2716; x_wconf 81' lang='lat' dir='ltr'>vestro,</span> <span class='ocrx_word' id='word_1_163' title='bbox 1039 2627 1093 2694; x_wconf 91' lang='lat' dir='ltr'>est</span> <span class='ocrx_word' id='word_1_164' title='bbox 1109 2661 1124 2696; x_wconf 63' lang='lat' dir='ltr'>a</span> <span class='ocrx_word' id='word_1_165' title='bbox 1139 2620 1168 2716; x_wconf 56' lang='grc' dir='ltr'>ὅ,</span> <span class='ocrx_word' id='word_1_166' title='bbox 1194 2621 1291 2718; x_wconf 83' lang='lat' dir='ltr'>quod</span> 
     </span>
     <span class='ocr_line' id='line_1_23' title="bbox 207 2721 1290 2824; baseline 0 -24"><span class='ocrx_word' id='word_1_167' title='bbox 207 2725 300 2800; x_wconf 87' lang='lat' dir='ltr'>dixit</span> <span class='ocrx_word' id='word_1_168' title='bbox 317 2728 360 2800; x_wconf 86' lang='lat' dir='ltr'>de</span> <span class='ocrx_word' id='word_1_169' title='bbox 379 2749 417 2799; x_wconf 91' lang='lat' dir='ltr'>se</span> <span class='ocrx_word' id='word_1_170' title='bbox 435 2726 523 2824; x_wconf 84' lang='lat' dir='ltr'>ipso,</span> <span class='ocrx_word' id='word_1_171' title='bbox 542 2721 657 2820; x_wconf 92' lang='lat' dir='ltr'>quiin</span> <span class='ocrx_word' id='word_1_172' title='bbox 674 2721 790 2794; x_wconf 90' lang='lat' dir='ltr'>medio</span> <span class='ocrx_word' id='word_1_173' title='bbox 807 2745 928 2815; x_wconf 80' lang='lat' dir='ltr'>eorum</span> <span class='ocrx_word' id='word_1_174' title='bbox 947 2727 1072 2799; x_wconf 89' lang='lat' dir='ltr'>stabat.</span> <span class='ocrx_word' id='word_1_175' title='bbox 1099 2725 1290 2800; x_wconf 86' lang='lat' dir='ltr'>Peccatum</span> 
     </span>
     <span class='ocr_line' id='line_1_24' title="bbox 209 2825 1292 2924; baseline -0.003 -20"><span class='ocrx_word' id='word_1_176' title='bbox 209 2830 350 2904; x_wconf 76' lang='lat' dir='ltr'>astute⁶</span> <span class='ocrx_word' id='word_1_177' title='bbox 370 2829 443 2904; x_wconf 84' lang='lat' dir='ltr'>suia</span> <span class='ocrx_word' id='word_1_178' title='bbox 461 2829 555 2903; x_wconf 86' lang='lat' dir='ltr'>vasis</span> <span class='ocrx_word' id='word_1_179' title='bbox 573 2833 678 2899; x_wconf 89' lang='lat' dir='ltr'>utens</span> <span class='ocrx_word' id='word_1_180' title='bbox 700 2825 800 2898; x_wconf 89' lang='lat' dir='ltr'>stetit</span> <span class='ocrx_word' id='word_1_181' title='bbox 818 2825 862 2897; x_wconf 90' lang='lat' dir='ltr'>ad</span> <span class='ocrx_word' id='word_1_182' title='bbox 885 2833 1040 2922; x_wconf 83' lang='lat' dir='ltr'>pontem,</span> <span class='ocrx_word' id='word_1_183' title='bbox 1059 2829 1119 2924; x_wconf 90' lang='lat' dir='ltr'>qui</span> <span class='ocrx_word' id='word_1_184' title='bbox 1138 2829 1292 2901; x_wconf 89' lang='lat' dir='ltr'>traducit</span> 
     </span>
     <span class='ocr_line' id='line_1_25' title="bbox 209 2928 1290 3030; baseline -0.002 -24"><span class='ocrx_word' id='word_1_185' title='bbox 209 2935 256 3006; x_wconf 82' lang='lat' dir='ltr'>ad</span> <span class='ocrx_word' id='word_1_186' title='bbox 273 2935 415 3008; x_wconf 88' lang='lat' dir='ltr'>domurn</span> <span class='ocrx_word' id='word_1_187' title='bbox 432 2933 538 3026; x_wconf 89' lang='lat' dir='ltr'>vitae,</span> <span class='ocrx_word' id='word_1_188' title='bbox 556 2954 600 3002; x_wconf 89' lang='lat' dir='ltr'>ue</span> <span class='ocrx_word' id='word_1_189' title='bbox 620 2928 756 3001; x_wconf 88' lang='lat' dir='ltr'>animae</span> <span class='ocrx_word' id='word_1_190' title='bbox 774 2936 810 3002; x_wconf 88' lang='lat' dir='ltr'>ct</span> <span class='ocrx_word' id='word_1_191' title='bbox 833 2929 1002 3026; x_wconf 83' lang='lat' dir='ltr'>spiritus⁷</span> <span class='ocrx_word' id='word_1_192' title='bbox 1017 2932 1054 3003; x_wconf 93' lang='lat' dir='ltr'>in</span> <span class='ocrx_word' id='word_1_193' title='bbox 1077 2956 1119 3004; x_wconf 87' lang='lat' dir='ltr'>ea</span> <span class='ocrx_word' id='word_1_194' title='bbox 1132 2932 1290 3030; x_wconf 88' lang='lat' dir='ltr'>quiesce-</span> 
     </span>
     <span class='ocr_line' id='line_1_26' title="bbox 210 3031 960 3128; baseline -0.005 -18"><span class='ocrx_word' id='word_1_195' title='bbox 210 3044 300 3110; x_wconf 88' lang='lat' dir='ltr'>rent.</span> <span class='ocrx_word' id='word_1_196' title='bbox 327 3034 676 3128; x_wconf 86' lang='lat' dir='ltr'>Abscondistis,</span> <span class='ocrx_word' id='word_1_197' title='bbox 704 3034 764 3125; x_wconf 91' lang='lat' dir='ltr'>ait,</span> <span class='ocrx_word' id='word_1_198' title='bbox 792 3031 960 3106; x_wconf 86' lang='lat' dir='ltr'>claves.</span> 
     </span>
    </p>

    <p class='ocr_par' dir='ltr' id='par_1_8' title="bbox 144 3137 1336 3861">
     <span class='ocr_line' id='line_1_27' title="bbox 309 3137 1291 3236; baseline -0.002 -21"><span class='ocrx_word' id='word_1_199' title='bbox 309 3141 486 3215; x_wconf 86' lang='lat' dir='ltr'>Veniet</span> <span class='ocrx_word' id='word_1_200' title='bbox 510 3137 658 3211; x_wconf 90' lang='lat' dir='ltr'>omnis</span> <span class='ocrx_word' id='word_1_201' title='bbox 699 3137 891 3232; x_wconf 87' lang='lat' dir='ltr'>sanguis</span> <span class='ocrx_word' id='word_1_202' title='bbox 921 3139 1179 3234; x_wconf 88' lang='lat' dir='ltr'>justorum,</span> <span class='ocrx_word' id='word_1_203' title='bbox 1206 3140 1291 3236; x_wconf 88' lang='lat' dir='ltr'>quia</span> 
     </span>
     <span class='ocr_line' id='line_1_28' title="bbox 207 3240 1289 3342; baseline 0 -27"><span class='ocrx_word' id='word_1_204' title='bbox 207 3265 335 3342; x_wconf 89' lang='lat' dir='ltr'>nempe</span> <span class='ocrx_word' id='word_1_205' title='bbox 362 3245 417 3318; x_wconf 90' lang='lat' dir='ltr'>illi</span> <span class='ocrx_word' id='word_1_206' title='bbox 448 3242 652 3317; x_wconf 90' lang='lat' dir='ltr'>occiderunt</span> <span class='ocrx_word' id='word_1_207' title='bbox 680 3240 853 3314; x_wconf 82' lang='lat' dir='ltr'>vindicem</span> <span class='ocrx_word' id='word_1_208' title='bbox 881 3243 1074 3318; x_wconf 88' lang='lat' dir='ltr'>occisorum</span> <span class='ocrx_word' id='word_1_209' title='bbox 1095 3246 1289 3341; x_wconf 77' lang='lat' dir='ltr'>justorum,</span> 
     </span>
     <span class='ocr_line' id='line_1_29' title="bbox 144 3344 1289 3444; baseline 0.002 -24"><span class='ocrx_word' id='word_1_210' title='bbox 144 3394 147 3401; x_wconf 92' lang='lat'>-</span> <span class='ocrx_word' id='word_1_211' title='bbox 207 3347 314 3439; x_wconf 84' lang='lat' dir='ltr'>etiam</span> <span class='ocrx_word' id='word_1_212' title='bbox 351 3350 478 3423; x_wconf 88' lang='lat' dir='ltr'>horum</span> <span class='ocrx_word' id='word_1_213' title='bbox 507 3345 663 3421; x_wconf 86' lang='lat' dir='ltr'>vindicta</span> <span class='ocrx_word' id='word_1_214' title='bbox 688 3344 730 3416; x_wconf 90' lang='lat' dir='ltr'>de</span> <span class='ocrx_word' id='word_1_215' title='bbox 765 3346 927 3420; x_wconf 86' lang='lat' dir='ltr'>manibus</span> <span class='ocrx_word' id='word_1_216' title='bbox 964 3371 1085 3420; x_wconf 90' lang='lat' dir='ltr'>eorum</span> <span class='ocrx_word' id='word_1_217' title='bbox 1121 3347 1289 3444; x_wconf 81' lang='lat' dir='ltr'>exigitur.</span> 
     </span>
     <span class='ocr_line' id='line_1_30' title="bbox 207 3443 1289 3550; baseline 0 -26"><span class='ocrx_word' id='word_1_218' title='bbox 207 3449 277 3539; x_wconf 86' lang='lat' dir='ltr'>Qui</span> <span class='ocrx_word' id='word_1_219' title='bbox 304 3453 399 3525; x_wconf 89' lang='lat' dir='ltr'>enim</span> <span class='ocrx_word' id='word_1_220' title='bbox 419 3443 577 3550; x_wconf 88' lang='lat' dir='ltr'>judicem</span> <span class='ocrx_word' id='word_1_221' title='bbox 604 3448 751 3541; x_wconf 92' lang='lat' dir='ltr'>occidit,</span> <span class='ocrx_word' id='word_1_222' title='bbox 777 3451 910 3526; x_wconf 88' lang='lat' dir='ltr'>amicus</span> <span class='ocrx_word' id='word_1_223' title='bbox 941 3459 997 3524; x_wconf 88' lang='lat' dir='ltr'>est</span> <span class='ocrx_word' id='word_1_224' title='bbox 1022 3451 1289 3549; x_wconf 75' lang='lat' dir='ltr'>homicidarum,</span> 
     </span>
     <span class='ocr_line' id='line_1_31' title="bbox 205 3551 1336 3650; baseline 0.001 -23"><span class='ocrx_word' id='word_1_225' title='bbox 205 3556 289 3650; x_wconf 87' lang='lat' dir='ltr'>quia</span> <span class='ocrx_word' id='word_1_226' title='bbox 314 3580 393 3630; x_wconf 92' lang='lat' dir='ltr'>cum</span> <span class='ocrx_word' id='word_1_227' title='bbox 412 3581 453 3630; x_wconf 91' lang='lat' dir='ltr'>eo</span> <span class='ocrx_word' id='word_1_228' title='bbox 480 3555 613 3628; x_wconf 84' lang='lat' dir='ltr'>amovit</span> <span class='ocrx_word' id='word_1_229' title='bbox 640 3551 829 3627; x_wconf 87' lang='lat' dir='ltr'>vindictam</span> <span class='ocrx_word' id='word_1_230' title='bbox 855 3561 892 3626; x_wconf 88' lang='lat' dir='ltr'>et</span> <span class='ocrx_word' id='word_1_231' title='bbox 922 3555 1015 3629; x_wconf 91' lang='lat' dir='ltr'>viam</span> <span class='ocrx_word' id='word_1_232' title='bbox 1046 3555 1207 3630; x_wconf 83' lang='lat' dir='ltr'>dilatavit</span> <span class='ocrx_word' id='word_1_233' title='bbox 1233 3579 1290 3628; x_wconf 93' lang='lat' dir='ltr'>oc-</span> <span class='ocrx_word' id='word_1_234' title='bbox 1334 3569 1336 3572; x_wconf 82' lang='grc'><strong>’</strong></span> 
     </span>
     <span class='ocr_line' id='line_1_32' title="bbox 206 3657 1291 3758; baseline 0.004 -30"><span class='ocrx_word' id='word_1_235' title='bbox 206 3658 389 3733; x_wconf 79' lang='lat' dir='ltr'>cicuribus.</span> <span class='ocrx_word' id='word_1_236' title='bbox 425 3657 716 3758; x_wconf 21' lang='lat' dir='ltr'>Alsanguine</span> <span class='ocrx_word' id='word_1_237' title='bbox 751 3658 870 3731; x_wconf 87' lang='lat' dir='ltr'>Abel</span> <span class='ocrx_word' id='word_1_238' title='bbox 902 3657 1023 3754; x_wconf 88' lang='lat' dir='ltr'>justi</span> <span class='ocrx_word' id='word_1_239' title='bbox 1061 3660 1291 3756; x_wconf 88' lang='lat' dir='ltr'>usquead</span> 
     </span>
     <span class='ocr_line' id='line_1_33' title="bbox 206 3761 1290 3861; baseline 0.004 -29"><span class='ocrx_word' id='word_1_240' title='bbox 206 3763 485 3858; x_wconf 83' lang='lat' dir='ltr'>sanguinem</span> <span class='ocrx_word' id='word_1_241' title='bbox 511 3761 787 3854; x_wconf 88' lang='lat' dir='ltr'>Zachariae,</span> <span class='ocrx_word' id='word_1_242' title='bbox 823 3762 887 3835; x_wconf 85' lang='lat' dir='ltr'>sed</span> <span class='ocrx_word' id='word_1_243' title='bbox 913 3785 984 3836; x_wconf 92' lang='lat' dir='ltr'>non</span> <span class='ocrx_word' id='word_1_244' title='bbox 1010 3769 1146 3835; x_wconf 87' lang='lat' dir='ltr'>tantum</span> <span class='ocrx_word' id='word_1_245' title='bbox 1177 3773 1290 3861; x_wconf 83' lang='lat' dir='ltr'>ue&#39;que</span> 
     </span>
    </p>
   </div>
   <div class='ocr_carea' id='block_1_6' title="bbox 167 3965 1339 4582">
    <p class='ocr_par' dir='ltr' id='par_1_9' title="bbox 167 3965 1339 4582">
     <span class='ocr_line' id='line_1_34' title="bbox 167 3965 924 4031; baseline -0.007 -4"><span class='ocrx_word' id='word_1_246' title='bbox 167 4000 173 4015; x_wconf 88' lang='lat'>.</span> <span class='ocrx_word' id='word_1_247' title='bbox 289 3969 315 4026; x_wconf 94' lang='lat'>1.</span> <span class='ocrx_word' id='word_1_248' title='bbox 336 3965 493 4026; x_wconf 77' lang='lat' dir='ltr'>Sententia</span> <span class='ocrx_word' id='word_1_249' title='bbox 507 3985 548 4031; x_wconf 84' lang='lat' dir='ltr'>ex</span> <span class='ocrx_word' id='word_1_250' title='bbox 562 3965 628 4024; x_wconf 85' lang='lat' dir='ltr'>eod.</span> <span class='ocrx_word' id='word_1_251' title='bbox 642 3966 668 4022; x_wconf 94' lang='lat' dir='ltr'><strong>B</strong></span> <span class='ocrx_word' id='word_1_252' title='bbox 683 3969 833 4024; x_wconf 87' lang='lat' dir='ltr'>correcta.</span> <span class='ocrx_word' id='word_1_253' title='bbox 922 3977 924 3982; x_wconf 83' lang='lat'>&#39;</span> 
     </span>
     <span class='ocr_line' id='line_1_35' title="bbox 285 4043 1029 4120; baseline 0.001 -16"><span class='ocrx_word' id='word_1_254' title='bbox 285 4047 315 4104; x_wconf 81' lang='lat'>2.</span> <span class='ocrx_word' id='word_1_255' title='bbox 335 4046 384 4106; x_wconf 83' lang='lat' dir='ltr'>Sc.</span> <span class='ocrx_word' id='word_1_256' title='bbox 397 4045 539 4106; x_wconf 86' lang='lat' dir='ltr'>Herodes</span> <span class='ocrx_word' id='word_1_257' title='bbox 554 4049 585 4103; x_wconf 90' lang='lat' dir='ltr'>et</span> <span class='ocrx_word' id='word_1_258' title='bbox 597 4043 706 4120; x_wconf 87' lang='lat' dir='ltr'>reliqui</span> <span class='ocrx_word' id='word_1_259' title='bbox 719 4043 887 4104; x_wconf 79' lang='lat' dir='ltr'>adversarii</span> <span class='ocrx_word' id='word_1_260' title='bbox 901 4044 1029 4105; x_wconf 88' lang='lat' dir='ltr'>Domini.</span> 
     </span>
     <span class='ocr_line' id='line_1_36' title="bbox 285 4122 686 4201; baseline -0.01 -16"><span class='ocrx_word' id='word_1_261' title='bbox 285 4129 315 4185; x_wconf 82' lang='lat'>3.</span> <span class='ocrx_word' id='word_1_262' title='bbox 335 4125 386 4184; x_wconf 85' lang='lat' dir='ltr'>Ita</span> <span class='ocrx_word' id='word_1_263' title='bbox 399 4125 511 4201; x_wconf 87' lang='lat' dir='ltr'>legitur</span> <span class='ocrx_word' id='word_1_264' title='bbox 523 4125 555 4184; x_wconf 89' lang='lat' dir='ltr'>in</span> <span class='ocrx_word' id='word_1_265' title='bbox 569 4122 638 4186; x_wconf 90' lang='lat' dir='ltr'>cod.</span> <span class='ocrx_word' id='word_1_266' title='bbox 652 4124 686 4181; x_wconf 93' lang='lat' dir='ltr'>B.</span> 
     </span>
     <span class='ocr_line' id='line_1_37' title="bbox 286 4203 558 4264; baseline -0.004 -1"><span class='ocrx_word' id='word_1_267' title='bbox 286 4207 314 4263; x_wconf 85' lang='lat'>4.</span> <span class='ocrx_word' id='word_1_268' title='bbox 334 4203 432 4263; x_wconf 74' lang='lat' dir='ltr'>Maru.</span> <span class='ocrx_word' id='word_1_269' title='bbox 449 4207 495 4262; x_wconf 87' lang='lat'>13.</span> <span class='ocrx_word' id='word_1_270' title='bbox 509 4206 558 4264; x_wconf 73' lang='lat'>41.</span> 
     </span>
     <span class='ocr_line' id='line_1_38' title="bbox 286 4281 533 4356; baseline 0.004 -15"><span class='ocrx_word' id='word_1_271' title='bbox 286 4283 316 4341; x_wconf 81' lang='lat'>5.</span> <span class='ocrx_word' id='word_1_272' title='bbox 335 4281 409 4343; x_wconf 85' lang='lat' dir='ltr'>Luc.</span> <span class='ocrx_word' id='word_1_273' title='bbox 426 4285 472 4356; x_wconf 78' lang='lat'>17,</span> <span class='ocrx_word' id='word_1_274' title='bbox 484 4285 533 4342; x_wconf 83' lang='lat'>21.</span> 
     </span>
     <span class='ocr_line' id='line_1_39' title="bbox 285 4357 1339 4425; baseline -0.006 -3"><span class='ocrx_word' id='word_1_275' title='bbox 285 4364 318 4422; x_wconf 88' lang='grc'>6.</span> <span class='ocrx_word' id='word_1_276' title='bbox 336 4357 893 4425; x_wconf 78' lang='lat' dir='ltr'>Adverbum:.¹⁴adinventionibus„.</span> <span class='ocrx_word' id='word_1_277' title='bbox 1337 4416 1339 4420; x_wconf 83' lang='grc'>,</span> 
     </span>
     <span class='ocr_line' id='line_1_40' title="bbox 209 4439 1284 4582; baseline -0.001 -83"><span class='ocrx_word' id='word_1_278' title='bbox 209 4517 259 4582; x_wconf 58' lang='lat' dir='ltr'>lb</span> <span class='ocrx_word' id='word_1_279' title='bbox 288 4443 316 4579; x_wconf 60' lang='lat' dir='ltr'>lt.</span> <span class='ocrx_word' id='word_1_280' title='bbox 336 4439 459 4506; x_wconf 76' lang='lat' dir='ltr'>Scilicet</span> <span class='ocrx_word' id='word_1_281' title='bbox 480 4442 644 4520; x_wconf 83' lang='lat' dir='ltr'>hominum,</span> <span class='ocrx_word' id='word_1_282' title='bbox 658 4440 710 4518; x_wconf 89' lang='lat' dir='ltr'>qui</span> <span class='ocrx_word' id='word_1_283' title='bbox 732 4439 763 4498; x_wconf 92' lang='lat' dir='ltr'>in</span> <span class='ocrx_word' id='word_1_284' title='bbox 777 4455 904 4516; x_wconf 84' lang='lat' dir='ltr'>regnum</span> <span class='ocrx_word' id='word_1_285' title='bbox 926 4443 1080 4504; x_wconf 86' lang='lat' dir='ltr'>coelorum</span> <span class='ocrx_word' id='word_1_286' title='bbox 1102 4441 1216 4502; x_wconf 77' lang='lat' dir='ltr'>intrare</span> <span class='ocrx_word' id='word_1_287' title='bbox 1230 4458 1284 4503; x_wconf 81' lang='lat' dir='ltr'>vo·</span> 
     </span>
     <span class='ocr_line' id='line_1_41' title="bbox 220 4535 322 4580; baseline 0 0"><span class='ocrx_word' id='word_1_288' title='bbox 220 4535 238 4580; x_wconf 83' lang='lat' dir='ltr'>c</span> <span class='ocrx_word' id='word_1_289' title='bbox 260 4537 322 4580; x_wconf 82' lang='lat' dir='ltr'>an.</span> 
     </span>
    </p>
   </div>
   <div class='ocr_carea' id='block_1_7' title="bbox 0 0 1658 5186">
    <p class='ocr_par' dir='ltr' id='par_1_10' title="bbox 0 0 1658 5186">
     <span class='ocr_line' id='line_1_42' title="bbox 0 0 1658 5186; baseline 0 0"><span class='ocrx_word' id='word_1_290' title='bbox 0 0 1658 5186; x_wconf 95' lang='lat' dir='ltr'> </span> 
     </span>
    </p>
   </div>
  </div>
 </body>
</html>
