3330 5200
1224 381 1292 454 123

203 509 309 584 immo
323 515 360 581 et
372 530 503 604 corpus
517 533 621 582 suurn
640 507 740 583 dedit
754 509 806 583 eis
823 509 868 585 ad
883 467 1176 581 manducandum.
1192 506 1294 581 Cur?

202 613 254 686 Ut
269 611 555 706 magnitudinem
584 635 683 685 suam
710 613 944 686 absconderet
962 619 997 684 et
1015 612 1216 708 opinionem
1243 611 1295 684 eis

201 715 354 806 inderet,
370 736 410 788 se
424 737 504 787 esse
517 713 749 812 corporalem,
767 716 850 812 quia
864 739 944 788 eum
958 716 1115 787 nondum
1128 721 1294 810 poterant

199 817 406 912 intelligere
421 817 444 888 ⁴.
460 821 511 891 At
525 841 588 890 cur
605 819 752 914 negavit
763 819 986 891 nativitatem
1001 817 1126 890 suam?
1145 817 1184 890 Si
1197 818 1293 889 enim

200 942 278 992 eam
295 920 462 1015 negando
480 929 679 994 monstrare
696 922 881 1009 voluisset,
909 945 946 992 se
960 941 1032 991 non
1057 943 1136 992 esse
1153 927 1289 1013 natum,

199 1023 271 1094 alia
286 1023 367 1095 vice
383 1047 421 1095 se
441 1045 512 1096 non
529 1024 672 1096 iecisset
688 1025 836 1098 fratrem
854 1022 1120 1120 discipulorum,
1139 1024 1201 1117 qui
1217 1024 1294 1095 uati

201 1133 293 1196 sunt.
313 1125 354 1198 Si
373 1149 419 1197 ex
437 1147 478 1197 eo
497 1125 592 1221 quod
608 1125 667 1199 hic
683 1127 883 1222 negaverit,
901 1131 1190 1219 consequeretur,
1211 1147 1293 1198 eum

199 1251 271 1298 non
288 1251 369 1300 csse
383 1235 519 1320 natum,
537 1238 658 1302 tamen
670 1237 817 1327 propter
830 1229 867 1301 id
884 1229 979 1326 quod
998 1227 1048 1299 ibi
1061 1227 1163 1320 dixit,
1182 1251 1291 1324 quum

197 1330 347 1404 fratrem
367 1354 406 1402 se
422 1331 556 1404 faceret
577 1333 843 1432 discipulorum,
869 1331 1014 1405 credere
1032 1337 1183 1425 oportet,
1211 1353 1292 1402 eum

198 1455 277 1506 esse
295 1439 432 1506 natum.
461 1434 500 1506 Si
519 1435 615 1506 enim
634 1458 679 1507 ex
698 1441 810 1508 matre
837 1435 1011 1530 originem
1029 1455 1167 1528 negans
1187 1440 1291 1504 natu-

197 1559 259 1608 rae
278 1537 529 1632 aequalitatem
544 1538 677 1612 oblitus
696 1545 803 1630 esset,
817 1545 936 1609 tamen
953 1561 1018 1634 per
1035 1535 1291 1608 confessionem

195 1639 347 1711 fratrum
375 1640 571 1713 communis
589 1664 636 1713 ex
654 1647 756 1738 patre
783 1640 883 1735 origo
910 1638 1102 1712 manifesta
1114 1639 1208 1710 iacta
1225 1647 1290 1711 est.

196 1741 302 1828 Quod
329 1741 361 1812 si
387 1749 538 1815 matrem
564 1750 600 1815 et
625 1743 754 1816 iratres
780 1765 852 1814 non
878 1743 1048 1814 confitens
1074 1741 1290 1834 ostenderet,

194 1849 364 1940 parentes
384 1844 452 1917 sibi
470 1867 541 1917 non
559 1869 649 1938 esse,
668 1845 698 1918 si
716 1846 782 1919 hoc
799 1846 851 1917 ita
868 1869 906 1918 se
925 1847 1083 1936 haberet,
1097 1851 1289 1936 memento,

193 1947 290 2042 quod
310 1953 347 2018 et
364 1947 479 2020 dixit:
510 1969 524 2005 e
541 1949 657 2021 Nemo
675 1951 730 2020 cst
748 1952 873 2042 bonus,
900 1948 971 2020 nisi
988 1969 1080 2018 unus
1098 1985 1127 2040 n,
1156 1953 1192 2018 et
1209 1946 1288 2044 ipse

192 2057 229 2122 et
247 2049 404 2146 Spiritus
431 2058 575 2124 sanctus
593 2058 630 2123 et
648 2051 768 2146 angeli
796 2050 902 2123 electi
927 2073 1043 2122 nonne
1062 2050 1146 2122 boni
1173 2049 1287 2122 sunt?

192 2153 292 2225 Siout
308 2153 365 2224 illi
382 2152 492 2225 dixit:
521 2153 596 2226 Our
613 2179 670 2226 me
706 2156 837 2228 bonum
872 2153 1013 2244 vocas¹,
1040 2152 1165 2224 eodem
1181 2153 1307 2225 modo·

191 2263 227 2328 et
245 2257 283 2326 in
299 2254 369 2328 isto
387 2255 464 2329 loco
483 2255 597 2330 dixit:
625 2257 700 2331 Cur
727 2281 784 2330 mc
810 2279 919 2330 vocas
945 2263 1154 2352 conceptum
1172 2264 1208 2329 et
1225 2280 1287 2329 na-

192 2357 303 2430 tum?

296 2459 472 2532 Beatus
508 2465 689 2556 venter,
726 2462 804 2560 qui
840 2469 883 2536 te
918 2460 1143 2559 portavit.
1180 2460 1285 2534 Hanc

190 2562 433 2636 laudationem
468 2564 621 2660 sumpsit
638 2565 682 2637 de
701 2573 815 2639 matre
843 2590 907 2640 sua
925 2572 961 2636 et
979 2565 1077 2637 dedit
1098 2561 1284 2660 discipulis

190 2665 289 2760 suis,
308 2666 346 2738 in
364 2664 480 2737 Maria
496 2667 591 2739 enim
618 2691 682 2762 per
709 2667 854 2764 aliquod
871 2676 1024 2765 tempus,
1042 2668 1080 2740 in
1098 2665 1283 2763 discipulis

190 2776 310 2840 autem
336 2771 374 2842 in
400 2776 585 2843 aeternum
611 2770 679 2843 fuit
695 2769 722 2844 ὅ.
750 2771 855 2844 Dixit
880 2772 996 2843 enim:
1024 2769 1176 2858 Beati,
1204 2772 1282 2864 q'ui

191 2872 395 2945 audiunt
421 2876 612 2946 verbum
639 2874 726 2946 Dei
761 2883 808 2946 et
835 2874 1116 2946 custodiunt
1142 2871 1279 2945 illud.

297 2973 1284 3069 Quihabetauresaudiendi,audiatProle-

194 3083 262 3170 oto,
281 3079 343 3174 qui
355 3079 509 3152 habebat
519 3103 635 3174 aures,
646 3081 822 3174 audiebat,
833 3079 917 3177 quia
925 3081 1013 3153 haec
1044 3102 1114 3151 vox
1136 3083 1285 3173 propter

195 3181 473 3254 misericordiam
492 3183 569 3278 ejus
580 3183 617 3254 in
626 3207 748 3256 omnes
775 3207 879 3256 aures
898 3181 1110 3279 penetravit.
1120 3181 1191 3254 Sed
1211 3180 1282 3254 sin-

194 3284 299 3377 gulae
311 3308 415 3358 aures
424 3293 571 3381 propter
581 3286 1013 3360 audientiumlibertatem
1023 3308 1069 3358 ex
1077 3284 1282 3357 haovocead

195 3409 336 3484 eaquae
353 3387 490 3482 volunt,
508 3390 709 3465 attendunt.
720 3389 768 3461 Et
779 3389 908 3464 dantur
917 3387 1090 3482 nonnulli,
1100 3387 1161 3484 qui
1179 3387 1224 3460 ad
1242 3409 1286 3460 ea

274 3649 300 3705 1.
322 3649 389 3707 Hoc
403 3649 471 3710 loco
486 3666 618 3726 sequens
645 3651 801 3710 adnotatio
824 3651 926 3711 textui
941 3651 1090 3728 impresso
1117 3649 1284 3724 subjuncta

197 3729 262 3784 est:
280 3727 344 3786 tIu
358 3727 416 3786 hoc
431 3730 500 3788 loco
515 3729 680 3788 Marcionis
694 3729 791 3788 verba
809 3735 889 3804 sunt,
912 3731 945 3788 ut
966 3735 997 3786 et
1018 3729 1151 3805 scriptor
1166 3724 1283 3785 codicis

194 3803 233 3862 ad
244 3806 412 3880 marginem
423 3809 622 3884 manuscripti
637 3807 725 3868 dicit:
740 3809 825 3867 Haeo
840 3809 942 3867 omnia
954 3807 1141 3866 Marcionem
1156 3805 1283 3878 dixisse,

193 3882 433 3957 beneintelligc.
447 3887 524 3944 Post
537 3887 615 3946 haee
630 3885 740 3946 iterum
766 3889 861 3946 rerba
874 3886 1038 3962 Ephraemi
1062 3884 1190 3944 veniunt
1203 3887 1238 3942 ut
1251 3883 1283 3942 in

191 3961 401 4099 maqusergpqo
415 3963 639 4100 itndipatnrtppr
651 3965 758 4054 literar
772 3995 787 4054 q
809 3965 895 4100 ipph,
920 3969 978 4101 ‘aeg
991 3959 1031 4022 ad
1043 3963 1212 4055 marginem
1227 3978 1283 4038 per

191 4057 246 4098 rer
270 4059 307 4098 a:
347 4080 354 4095 .
395 4061 463 4100 aer
498 4061 919 4120 rspuaronemrnorp1,quo
979 4059 1169 4103 enasorase.

270 4117 480 4180 2.Mssc.10
507 4123 553 4179 18.
1158 4173 1160 4178 ,

270 4197 299 4253 3.
320 4195 433 4256 Sensus
449 4161 511 4256 esl:
526 4199 644 4258 Mariae
658 4197 826 4273 beatitudo,
839 4199 1004 4259 Dominum
1017 4197 1048 4254 in
1061 4199 1151 4255 utero
1165 4191 1283 4252 haben·

192 4273 232 4347 di,
246 4275 285 4332 ad
299 4273 420 4352 tempus
431 4279 509 4351 erat3
521 4277 710 4338 consuetudo
722 4280 825 4336 autem
839 4276 1056 4356 discipulorum
1070 4291 1139 4332 cum
1148 4271 1281 4331 Domino

193 4353 319 4410 aeterna
332 4356 390 4413 est.
403 4355 532 4414 Mariam
546 4373 586 4414 ex
599 4373 728 4416 numero
745 4355 965 4432 discipulorum
978 4351 1101 4413 Domini
1114 4369 1133 4410 a
1147 4367 1171 4408 s·
1184 4350 1280 4410 Patre

193 4445 255 4488 non
269 4430 404 4510 excludi,
419 4451 474 4512 per
492 4450 525 4492 se
539 4437 637 4511 patet·
