3268 5220
1207 375 1251 450 77

168 498 350 594 Dominus,
378 526 485 598 quem
510 527 554 576 ne
583 525 769 600 personam
797 499 940 598 quidem
958 503 1035 599 ejus
1053 527 1157 578 nosse
1185 529 1251 601 pu-

169 606 299 678 tabunt.
318 605 447 703 Neque
466 631 509 680 eo
526 608 620 703 quod
638 606 832 703 discipulos
850 605 1102 702 interrogabat,
1127 609 1172 682 iis
1190 610 1251 706 qui

167 715 393 802 praetextum
411 711 597 806 despectus
614 712 832 806 quaerebant
847 709 873 804 ⁴,
900 709 1089 807 despectus
1107 736 1251 786 causam

166 813 343 906 praebuit.
360 814 463 888 Licet
480 815 575 888 enim
592 816 761 911 ignorans
786 814 980 908 videretur,
999 817 1083 911 quia
1099 817 1251 892 interro-

142 913 274 1009 'gavit,
303 917 385 1012 quis
418 919 602 1015 adipsum
636 917 855 1011 accessisset,
880 923 1000 990 tamen
1035 927 1252 995 secretorum
1294 918 1297 926 ’

167 1020 330 1094 conscius
358 1029 446 1116 erat,
480 1022 660 1119 quianon
685 1021 756 1094 alia
790 1045 836 1094 ex
862 1043 970 1094 causo
996 1047 1074 1096 eam
1102 1025 1250 1119 sanavit,

167 1147 273 1218 quam
291 1128 338 1199 ob
364 1125 470 1200 fidem
486 1127 525 1197 in
541 1126 668 1222 ipsum.
691 1128 810 1200 Antea
836 1125 930 1196 enim
946 1125 1052 1199 fidem
1078 1127 1252 1201 occultam

130 1297 134 1308 ,
165 1227 330 1302 mulieris
348 1229 448 1324 vidit,
474 1230 558 1304 dein
583 1229 803 1302 sanationem
828 1229 1052 1304 manifestam
1070 1231 1103 1320 ei
1120 1231 1251 1327 imper·

166 1329 259 1404 tivit.
280 1333 321 1408 Si
338 1333 449 1427 igitur
467 1333 682 1408 invisibilem
704 1333 809 1408 fidem
827 1333 1003 1428 cognovit,
1029 1341 1160 1432 quanto
1177 1359 1251 1412 ma-

166 1435 222 1530 gis
236 1436 419 1512 visibilem
436 1436 588 1510 hominis
605 1434 785 1510 formam?

268 1539 374 1616 Licet
391 1563 476 1635 ergo
493 1540 668 1614 Dominus
684 1538 850 1612 utilitatis
868 1559 977 1612 causa
1000 1541 1251 1637 praeseferret,

166 1665 205 1714 se
230 1667 292 1716 ree
319 1645 523 1716 manifestas
549 1644 725 1740 ignorare,
761 1643 881 1715 statim
906 1649 1026 1716 umen
1050 1647 1252 1742 praescien-

164 1746 254 1820 tiam
272 1771 385 1842 suam,
403 1771 474 1844 qna
490 1753 527 1820 et
544 1755 685 1824 secreta
699 1753 859 1838 noverat,
873 1746 1138 1822 demonstravit.
1157 1751 1252 1840 Quo·

166 1851 285 1946 modo,
305 1851 463 1948 quaeso?
480 1853 608 1926 Nonne
626 1876 736 1948 quum
753 1850 876 1924 Simon
892 1850 1043 1924 diceret:
1065 1853 1189 1928 Turb
1200 1878 1251 1926 ae

168 1955 404 2028 hominum
426 1962 469 2028 te
491 1955 787 2030 circumdant
808 1959 852 2026 et
877 1965 1107 2051 premunt,
1133 1965 1177 2030 et
1205 1966 1252 2030 tu

88 2067 93 2078 '
167 2057 306 2150 dicis,
333 2060 436 2156 quis
464 2061 675 2134 accessit
703 2059 758 2131 od
783 2057 879 2130 me?
907 2057 1024 2147 Qnum
1044 2062 1165 2136 Simon
1181 2062 1253 2136 Do-

168 2161 307 2235 minum
320 2163 472 2258 doceret,
485 2170 596 2236 totam
613 2163 736 2261 populi
752 2159 1018 2236 multitudinem
1035 2166 1176 2238 adeum
1194 2189 1252 2239 ac·

165 2265 306 2359 cedere,
324 2267 498 2342 Dominus
512 2267 690 2342 Simonem
705 2264 855 2360 edocuit,
869 2291 976 2340 unam
994 2267 1105 2341 solam
1120 2294 1166 2342 ex
1179 2295 1252 2344 om·

165 2370 272 2444 nibus
300 2371 420 2467 ipsum
437 2371 579 2446 adiisse.
606 2371 685 2444 Etsi
703 2370 798 2444 enim
824 2370 930 2444 multi
956 2380 1102 2470 propter
1128 2377 1252 2450 turbas

166 2475 441 2572 comprimentes
459 2476 505 2550 ad
523 2498 604 2548 eum
621 2475 840 2567 accederent,
870 2481 990 2546 tamen
1010 2499 1082 2550 una
1099 2477 1176 2550 sola
1192 2478 1254 2552 do·

166 2575 303 2652 loribus
329 2601 457 2674 pressa
479 2579 518 2652 in
542 2579 607 2652 illa
631 2579 720 2652 hora
742 2577 777 2650 ei
798 2578 1103 2676 appropinquavit.
1131 2581 1254 2656 Simon

166 2703 254 2775 crgo
280 2705 461 2756 accessum
480 2683 663 2756 hominum
681 2683 727 2754 ad
743 2681 935 2754 Dominum
960 2681 1112 2757 Domino
1138 2686 1253 2760 voluit

168 2784 381 2881 significare,
399 2786 573 2860 Dominus
586 2809 672 2862 vero
689 2785 807 2879 fidem,
833 2807 923 2880 quae
950 2785 996 2858 ad
1020 2789 1138 2883 ipsmrr
1156 2812 1253 2862 acce-

169 2888 287 2981 debat,
308 2890 443 2964 Simoni
460 2890 685 2985 significavit.

271 2994 343 3068 Sed
369 2993 621 3088 animadverte,
647 3017 693 3066 ex
719 2991 841 3065 multis
867 2991 913 3063 ad
939 2991 1131 3066 Dominum
1156 3017 1254 3070 accc-

167 3095 333 3174 dentibus
351 3121 470 3192 unam,
487 3123 578 3195 quae
598 3104 807 3189 accesserat,
820 3096 1060 3192 quaerendam
1076 3098 1197 3173 luisse.
1216 3101 1255 3175 Si

169 3222 254 3295 ergo
274 3207 396 3276 omnes
413 3203 627 3276 accedebant
656 3208 691 3274 et
709 3225 756 3274 ex
769 3201 826 3274 his
842 3201 1005 3273 omnibus
1021 3225 1128 3274 unam
1145 3227 1253 3300 quae·

167 3305 281 3398 rebat,
299 3293 526 3380 manifestim
553 3312 619 3400 est,
645 3328 726 3378 eum
753 3327 887 3397 omnes,
913 3304 975 3400 qui
1001 3327 1082 3378 enm
1098 3311 1251 3405 compri-

168 3409 323 3504 mebant,
341 3409 561 3504 oognovisse,
589 3408 673 3507 quia
689 3432 734 3481 ne
752 3432 825 3482 nna
849 3407 992 3505 quidem
1018 3432 1065 3482 ex
1090 3413 1253 3488 omnibus

166 3509 241 3585 illis
258 3515 302 3588 ab
320 3513 398 3612 ipso
416 3536 455 3586 se
472 3513 688 3588 abscondere
706 3517 855 3610 poterat.
881 3511 999 3600 Quum
1025 3537 1145 3588 omnes
1161 3519 1255 3591 mix-

167 3614 243 3711 tim,
270 3617 579 3690 indiscriminatim
614 3625 651 3690 et
679 3617 832 3690 invicem
867 3639 905 3687 se
940 3626 1143 3714 prementes
1171 3645 1252 3696 eum

167 3719 319 3814 adirent,
346 3745 393 3794 ex
417 3721 473 3794 his
500 3721 663 3796 omnibus
690 3745 796 3794 unam
826 3718 937 3792 solam
964 3720 1251 3819 circumspiciens

167 3825 354 3920 quaesivit,
367 3848 414 3900 cx
431 3849 500 3921 quo
517 3825 640 3922 liquet,
660 3824 754 3920 quod
771 3845 893 3898 omnes
910 3824 1070 3898 novisset
1087 3827 1191 3900 sicuti
1206 3829 1250 3903 il-

166 3925 238 4000 lam
256 3952 374 4023 unam,
400 3929 483 4025 qnia
500 3928 599 4002 illam
617 3951 723 4004 unam
749 3929 842 4000 inter
860 3949 982 4002 omnes
1009 3929 1179 4004 latentem
1197 3933 1250 4005 di-

167 4054 329 4105 scernere
347 4039 497 4129 poterat.
514 4033 616 4107 Licet
637 4031 730 4104 enim
747 4031 852 4104 multi
868 4030 907 4103 in
918 4031 983 4105 illa
999 4033 1088 4106 hora
1104 4035 1149 4106 ad
1167 4059 1248 4110 eum

166 4136 383 4231 accederent,
400 4144 519 4210 tamen
536 4137 639 4233 quasi
663 4136 842 4210 hominem
860 4159 940 4208 cum
962 4137 1136 4230 adierunt,
1153 4138 1248 4210 ideo-

167 4264 234 4338 que
252 4263 330 4314 eam
346 4241 533 4338 quaesivit,
550 4263 640 4337 quae
665 4239 711 4312 ad
734 4240 852 4338 ipsum
885 4245 1052 4338 tanquam
1070 4241 1115 4312 ad
1131 4241 1247 4314 Deum

244 4401 286 4540 1.(ἰ
289 4401 329 4492 111
344 4403 412 4464 cod.
423 4405 448 4464 B
460 4425 468 4463 ε
482 4405 540 4474 Qui
553 4407 748 4482 praetextum
773 4405 972 4482 quaerebant,
987 4401 1154 4482 potentiam
1175 4369 1243 4482 ejus

167 4495 265 4555 nagan
287 4499 306 4540 1.
1092 4497 1094 4502 '
1129 4505 1133 4508 ·
