3344 5200
1230 349 1301 424 247

211 492 417 592 Scripturas
432 492 497 567 tibi
515 515 587 566 non
605 501 763 590 apparet,
778 519 840 570 cur
857 493 980 590 labore
999 485 1170 561 lectionis¹
1181 499 1303 554 aarum

211 597 333 669 oculos
350 596 548 671 debilitas?
567 597 785 694 vespertilio
803 600 856 672 tui
875 593 1001 672 similis
1019 595 1085 663 est.
1104 587 1197 676 Quia
1216 582 1303 656 emi-

212 705 333 772 cantes
352 699 472 772 radios
491 700 577 772 solis
594 701 688 772 ferre
714 725 786 773 non
803 708 958 798 poteras,
977 689 1195 769 renunciasti
1221 685 1304 778 diei,
1367 763 1370 770 Ι

210 808 334 898 ntper
352 809 539 897 cognatam
559 801 624 876 tibi
642 810 781 876 noctem
799 799 1085 876 circumvolares.
1101 793 1141 867 Si
1158 794 1306 866 abscon-

212 903 322 990 ditam
348 905 464 977 lucem
491 903 757 1000 Scripturarum
794 906 927 978 intueri
961 899 1108 996 nequis,
1135 890 1307 982 renuncia

212 1007 337 1100 labori,
355 1029 417 1080 eas
431 1008 556 1102 quavis
574 1007 686 1083 hora*
706 1008 861 1104 legendi.
880 998 1139 1103 Vespertilioni
1160 1019 1231 1068 nox
1251 999 1307 1066 est

213 1108 292 1182 loco
310 1109 393 1202 diei,
412 1115 450 1182 et
464 1109 531 1183 tibi
556 1107 634 1182 loco
652 1110 732 1204 Dei,
750 1112 868 1207 quiin
893 1105 1080 1206 prophetis
1104 1098 1306 1194 descriptus

215 1219 281 1307 est,
298 1212 433 1287 vitulus
450 1212 527 1303 fuit,
541 1233 647 1308 quem
662 1213 807 1310 opifices
824 1215 996 1287 feceruut.
1011 1210 1087 1280 Aut
1103 1203 1206 1275 illum
1225 1199 1308 1271 ado-

215 1335 267 1408 ra,
284 1339 391 1412 quem
415 1315 613 1412 prophetae
640 1317 904 1411 praedicarunt,
923 1321 986 1386 aut
1012 1332 1093 1382 eum
1121 1327 1227 1400 quem
1245 1323 1309 1396 pa-

217 1425 291 1490 tres
309 1418 366 1490 tui
378 1418 559 1494 fuderunt.
578 1417 690 1491 Josue
704 1443 843 1516 quoque
862 1420 957 1493 filius
975 1415 1077 1489 Nave
1097 1408 1211 1481 dixit:
1234 1403 1310 1474 ‹cm-

216 1518 320 1616 ligite
337 1520 439 1594 vobis
455 1521 572 1614 hodie,
595 1544 702 1617 quem
721 1521 857 1616 colatis,
874 1530 995 1594 utrum
1012 1516 1140 1604 Deum,
1159 1534 1206 1582 an
1225 1506 1311 1599 deos
1374 1584 1377 1596 ¹

157 1637 162 1646 '
222 1621 310 1695 istos
328 1663 343 1698 n
359 1622 386 1694 ².
415 1621 487 1696 Cor
505 1630 605 1696 tuum
626 1623 842 1719 elegit'deos
861 1623 1016 1697 illorum.
1044 1618 1136 1689 Sunt
1157 1612 1222 1685 tibi
1247 1629 1314 1705 pro

221 1724 408 1822 Scriptura
433 1732 469 1798 et
495 1726 681 1824 prophetis
706 1728 806 1801 furor
833 1725 1040 1823 gentilium,
1066 1741 1131 1815 pro
1166 1710 1315 1812 psalmis

223 1829 362 1900 cantica
379 1827 591 1902 saltationis.
611 1829 714 1918 Quod
731 1831 945 1928 projecimus
964 1851 985 1899 a
1001 1822 1115 1912 nobis,
1137 1816 1238 1892 uobis
1256 1813 1316 1884 de·

222 1930 340 2004 dimus
359 1938 395 2002 et
411 1933 507 2026 quod
525 1957 589 2006 vos
607 1932 822 2027 projecistis,
840 1933 885 2006 sd
903 1955 968 2005 nos
995 1921 1169 2025 pervenit.
1197 1917 1236 1992 si
1253 1939 1316 1987 no-

221 2033 279 2106 bis
296 2033 460 2106 omnibus
486 2060 597 2109 unum
615 2058 766 2129 reguum
793 2036 973 2112 coelorum
994 2053 1066 2103 non
1084 2032 1139 2099 est
1165 2019 1316 2124 promis·

223 2159 314 2230 sum,
333 2136 464 2208 sufficit
481 2139 582 2212 vobis
602 2139 765 2212 omnibus
783 2163 856 2211 una
879 2138 1054 2235 gehenna.
1271 2152 1274 2161 ’

247 2289 250 2294 -
326 2237 463 2334 Deus,
482 2241 607 2316 Deus
633 2263 774 2336 meus,
793 2263 938 2338 quare
964 2260 1030 2310 me
1054 2224 1317 2322 dereliqui-

223 2341 297 2414 sti.
324 2341 453 2415 Victus
472 2352 528 2418 est
553 2343 728 2418 Dominus
747 2367 768 2416 a
785 2351 913 2438 morte,
929 2363 1020 2438 quae
1048 2359 1128 2408 eum
1155 2329 1238 2403 fecit
1264 2335 1318 2398 ta-

224 2466 316 2538 cere,
348 2445 461 2517 donec
487 2447 525 2518 in
552 2467 692 2519 erucem
720 2448 953 2538 ascenderet;
980 2444 1125 2514 econtra
1151 2431 1319 2506 Christus

222 2547 311 2621 vicit
327 2553 490 2640 mortem,
510 2571 618 2643 quum
636 2548 675 2619 in
692 2549 843 2621 crucem
854 2555 954 2622 actus
973 2549 1077 2616 esset.
1095 2538 1200 2609 'Dum
1223 2556 1321 2605 mors

225 2672 337 2722 unum
350 2651 389 2721 in
405 2673 508 2722 eruce
527 2650 673 2746 ligabat,
687 2650 803 2745 multi,
816 2652 878 2746 qui
892 2651 930 2722 in
948 2645 1071 2720 inferis
1089 2639 1193 2735 ligati
1207 2642 1321 2728 erant,

226 2775 292 2850 per
310 2751 454 2827 vincula
478 2753 585 2826 nnius
613 2752 756 2828 liberati
783 2759 876 2826 sunt.
904 2748 1053 2826 Veracis
1078 2740 1223 2817 Domini
1244 2761 1323 2810 ver-

227 2856 294 2929 baz
317 2854 421 2948 auli,
439 2855 510 2948 Eli,
535 2877 647 2951 quare
674 2878 731 2928 me
766 2853 991 2951 dereliquisti
1009 2890 1046 2944 n,
1072 2843 1216 2923 veritati
1242 2863 1323 2911 con-

228 2957 432 3051 cordabant,
456 2957 634 3032 derisores
661 2965 782 3032 autem
809 2957 991 3032 mendacio
1019 2976 1082 3025 suo
1111 2949 1201 3022 haec
1226 2942 1323 3038 adje-

227 3066 374 3132 cerunt:
403 3060 712 3155 “Videamus,
740 3061 779 3134 si
805 3061 939 3136 Elias
970 3055 1190 3145 venique
1221 3068 1319 3117 eum

227 3160 378 3235 faciat
404 3163 714 3237 descendere.
742 3164 836 3253 Quia
861 3163 997 3260 primae
1031 3157 1114 3231 huic
1139 3151 1217 3226 voci
1239 3147 1321 3218 illu-

229 3264 362 3338 debant
379 3265 562 3339 dioentes:
583 3289 599 3323 α
614 3265 708 3356 Quid
727 3273 793 3359 est,
812 3265 906 3362 quod
931 3262 1033 3337 Elias
1051 3283 1132 3331 eum
1149 3277 1222 3349 non
1239 3249 1324 3322 feeit

231 3366 447 3442 descendere
461 3407 490 3462 a,
512 3369 629 3442 denuo
649 3369 764 3444 altera
780 3393 853 3442 vox
874 3364 1051 3455 clamavit,
1069 3381 1175 3458 quam
1194 3351 1326 3428 mortui

231 3470 421 3545 audierunt
448 3471 552 3568 eique
579 3473 801 3565 obedierunt,
827 3477 870 3543 ut
894 3467 1154 3554 ostenderetur,
1178 3459 1209 3532 si
1231 3479 1324 3529 mor·
1369 3549 1372 3554 Ι

231 3573 305 3666 tui,
336 3575 465 3672 quibus
496 3574 638 3649 auditus
669 3599 742 3649 non
772 3581 846 3668 est,
877 3596 958 3646 eum
989 3567 1187 3656 audierint,
1210 3559 1327 3633 multo

233 3675 348 3770 magis
365 3677 467 3749 vivos
486 3701 566 3750 eum
585 3678 708 3751 audire
727 3702 844 3776 posse.
865 3677 1045 3764 Attamen,
1064 3693 1172 3766 quum
1194 3664 1237 3737 ad
1257 3661 1326 3733 Pa·

230 3783 325 3862 trem
356 3803 459 3852 suum
487 3779 697 3874 clamasset,
724 3805 788 3854 cur
813 3778 945 3852 mortui
972 3798 1037 3872 pro
1063 3773 1172 3844 Patre
1200 3788 1264 3840 suo
1291 3763 1326 3834 ei

233 3881 526 3978 responderunt?
544 3883 615 3956 Sed
634 3883 666 3956 si
682 3871 791 3958 Pater
809 3886 1050 3978 permortuus
1069 3899 1150 3948 eum
1176 3867 1324 3956 audiuit,

234 3984 309 4059 vivi
327 3985 513 4058 consilium
534 3985 719 4082 accipiant,
737 4011 756 4058 e
791 3986 1089 4070 commoveantur,
1106 3982 1146 4050 ut
1163 3997 1253 4067 eum,
1264 3994 1326 4042 au-

235 4086 363 4162 dirent
395 4087 489 4178 Quia
516 4111 603 4184 ergo
633 4114 655 4162 a
684 4089 835 4163 veritate
865 4087 1002 4184 primae
1032 4081 1129 4156 vocis
1165 4071 1327 4173 perversi

319 4279 345 4334 1.
365 4275 490 4334 Verba:
508 4292 520 4323 o
534 4278 649 4348 Quavis
660 4279 761 4344 hora„
778 4279 809 4339 in
823 4277 928 4340 codB
943 4279 981 4338 ad
996 4277 1175 4353 sequentem
1203 4270 1326 4330 senten·

240 4355 311 4415 tiam
327 4353 512 4412 referuntur.
581 4403 586 4411 .

318 4434 346 4490 a.
368 4433 432 4498 Jos.
448 4435 496 4511 24,
513 4437 558 4492 15.
