3268 5220
386 377 425 436 rr

383 482 449 580 ¹qui
461 475 673 578 injectalogo
690 471 860 556 librorum
878 481 1034 554 omniurn
1052 477 1369 572 ecclesiasticorum
1391 487 1477 577 post
1613 473 1614 568 l

386 599 580 672 recensitos
606 599 715 672 libros
742 617 861 671 saeros
879 622 909 670 0.
929 604 965 668 01
983 621 1026 680 ,0,
1054 597 1272 670 Testamenti
1297 602 1476 668 memorat
1613 573 1614 662 l

390 717 671 812 “Evangelium
687 718 781 814 quod
799 716 1002 814 compilavit
1020 715 1079 788 uir
1096 715 1365 791 Alexandrinus
1385 717 1476 788 Arn-

251 835 253 840 ’
388 834 539 929 menius,
558 837 618 933 qui
637 843 673 908 et
699 834 881 929 Tatianus‚
907 835 1067 932 illudque
1094 825 1326 908 Diatessarcn
1351 831 1477 931 appel·

387 946 476 1027 lavit
488 995 516 1030 n.
534 956 702 1029 Errorem
719 955 792 1028 Bar
807 954 940 1029 Bahlul
958 962 995 1028 et
1020 955 1239 1029 Barhebraei
1264 979 1373 1052 supra
1397 976 1473 1026 me·
1613 935 1614 986 ³

388 1081 563 1148 moratum
583 1075 723 1174 repetit,
740 1075 927 1148 Tatiauum
946 1073 1163 1148 confundens
1185 1097 1266 1147 cum
1282 1071 1474 1147 Ammonio

388 1189 645 1269 Alexandrino.

406 1343 408 1348 v
491 1309 559 1382 His
574 1299 786 1384 testimoniis
802 1312 972 1406 Syrorum
985 1311 1081 1383 aliud
1095 1309 1256 1408 adjungit
1269 1309 1473 1384 Curetonus

389 1425 426 1497 in
460 1447 566 1522 opere
585 1451 648 1500 suo
669 1427 856 1502 “Anoient
873 1426 998 1522 Syriae
1015 1426 1233 1499 Documento
1249 1461 1265 1502 a
1284 1451 1321 1524 p.
1340 1433 1395 1524 15,
1408 1431 1472 1504 ubi

388 1565 434 1616 ex
448 1543 617 1640 opusculo
632 1543 776 1640 antiquo
791 1543 936 1640 Syriaco
952 1542 1151 1628 “Doctrina
1162 1545 1279 1617 Adaei
1291 1587 1306 1621 a
1320 1547 1470 1644 inserip-
1613 1527 1614 1618 l

378 1667 422 1732 to
440 1663 527 1735 haec
543 1649 653 1738 rerba
669 1663 821 1760 profert:
844 1685 858 1720 0
876 1661 1035 1759 Populus
1064 1670 1182 1735 autem
1199 1663 1332 1736 multus
1353 1665 1469 1761 quoti.-

331 1777 332 1784 ’
385 1778 442 1852 die
457 1785 738 1879 congregabatur
752 1788 788 1855 et
806 1782 1036 1856 conveniebat
1049 1783 1094 1854 ad
1107 1781 1306 1855 orationem.
1316 1783 1354 1854 in
1367 1805 1469 1855 sacro
1613 1845 1614 1882 p

383 1899 580 1974 ministerio
608 1905 644 1971 et
669 1898 714 1970 ad
740 1896 1006 1970 Testamentum
1024 1904 1127 1971 vetus
1155 1905 1192 1970 et
1218 1898 1468 1972 0000011110-

292 2045 294 2050 ⁸
384 2017 594 2092 thurnun
615 2017 704 2088 etin
722 2017 831 2088 vitam
849 2023 1068 2090 mortuorum
1086 2017 1236 2090 credidit
1250 2023 1316 2090 etc.
1330 2057 1344 2092 a
1357 2016 1469 2090 (1010-
1613 2003 1614 2014 ’

384 2141 489 2208 tonus
515 2139 702 2210 obscurum
727 2127 935 2210 vocabulum
965 2129 1226 2209 “Diethurnun
1246 2175 1284 2228 n,
1310 2136 1403 2231 quod
1430 2135 1468 2207 in

384 2252 530 2348 Syriaco
549 2255 587 2326 in
604 2275 686 2325 casu
713 2254 873 2347 genitivu
898 2254 1144 2351 positum‘est‚
1162 2252 1391 2326 Diatesearon
1415 2254 1468 2326 le-

384 2373 540 2468 gendum
559 2395 636 2444 esse
656 2373 692 2440 et
710 2369 852 2444 Tatiani
877 2372 1109 2444 Diatessaron
1136 2370 1333 2466 significare
1363 2380 1485 2468 puta·¹

382 2491 445 2564 vit
474 2493 518 2566 In
546 2491 760 2564 Armeniaca
784 2493 947 2564 versione
973 2493 1081 2588 hujus
1105 2491 1185 2578 loci,
1205 2515 1295 2587 quae
1325 2491 1363 2562 in
1379 2513 1467 2586 opu·

383 2611 480 2684 00010
502 2610 696 2708 “Epistola
722 2586 859 2706 Abpari
876 2651 891 2684 ῃ
911 2611 1082 2710 inscripto
1109 2635 1142 2708 p.
1162 2613 1206 2684 33
1238 2611 1398 2704 habetur,
1416 2610 1468 2684 ita

326 2725 330 2738 “
381 2719 537 2824 legitur:
558 2751 572 2785 s
595 2727 754 2824 Populus
781 2719 914 2801 mullus
941 2727 1097 2824 quotidie
1128 2728 1412 2822 congregabatur
1430 2734 1467 2798 et

384 2853 507 2927 orabat
525 2857 561 2924 et
584 2874 682 2924 sacro
699 2849 897 2922 ministerio
916 2847 1105 2921 assistebat
1131 2855 1262 2920 etcum
1280 2845 1465 2940 antiquum

383 2977 419 3042 et
436 2989 566 3044 novum
584 2970 851 3042 Testamentum
871 2968 992 3040 auditu
1010 2967 1239 3063 percepisset,
1257 2964 1293 3036 in
1313 2963 1465 3036 Trini-

367 3073 523 3160 't'atem
550 3087 647 3158 etin
673 3077 967 3158 resurrectionem
995 3090 1031 3154 et
1057 3082 1094 3154 in
1111 3083 1220 3154 vitam
1247 3087 1465 3170 mortuorum
1613 3167 1614 3182 χ

384 3207 534 3280 eredidit
551 3247 579 3279 a
593 3207 692 3278 Haec
710 3203 827 3275 versio
845 3210 881 3274 et
898 3203 974 3299 ipse
994 3207 1191 3294 contextus,
1203 3224 1274 3296 quo
1287 3199 1391 3270 lectio
1405 3221 1466 3289 an-
1606 3223 1611 3232 ¹

382 3327 474 3422 tiqui
492 3331 527 3397 01
545 3322 628 3396 nori
641 3321 861 3394 Testamenti
880 3321 985 3394 simul
1004 3326 1198 3392 memorata
1214 3323 1373 3416 apparet,
1391 3317 1465 3414 opi·
1613 3311 1614 3322 ’

385 3445 525 3516 nioncm
545 3439 716 3515 Curetoni
733 3440 836 3513 valde
854 3427 1124 3538 improbabilem
1146 3439 1309 3512 reddunt.

485 3560 647 3656 Denique
665 3561 885 3633 Assemanus
904 3560 940 3630 in
959 3557 1001 3631 B.
1021 3559 1081 3632 Or.
1099 3558 1129 3651 Ι,
1147 3581 1181 3654 p.
1197 3559 1263 3628 611
1290 3557 1384 3628 inter
1409 3579 1465 3628 00-

344 3670 347 3676 ’
374 3678 665 3752 Ι1110001110101000
683 3676 928 3750 Bibliothecae
946 3677 1139 3749 Vaticanae
1157 3681 1319 3748 recenset
1333 3689 1343 3745 ε’
1363 3695 1379 3730 e
1396 3673 1464 3746 Ta·

379 3795 467 3868 tiani
484 3793 726 3886 Diatessaron,
747 3815 809 3864 seu
827 3799 977 3888 quatuor
996 3791 1194 3886 Evangelia
1210 3791 1248 3863 in
1268 3815 1376 3863 unum
1408 3816 1463 3865 re·
1520 3777 1528 3790 ¹
1613 3831 1614 3850 1

379 3914 481 3986 decta
499 3953 525 3986 n.
556 3909 1462 4006 8011100οΑ0001000001οΒ.01.ΙΠ,0131100
1499 3959 1502 3966 ,
1613 3925 1614 3952 ¹

378 4051 467 4124 opus
481 4027 669 4100 Ammonio
688 4049 710 4096 a
726 4025 905 4098 nonnullis
923 4025 1078 4099 adscribi
1098 4025 1254 4099 adnotat.
1268 4024 1372 4099 Gard.
1386 4025 1461 4100 Mai

375 4147 414 4218 in
432 4169 538 4242 opere
560 4146 673 4218 ι11101.
693 4145 911 4242 Scriptorum
924 4167 1016 4218 nova
1034 4145 1194 4218 collectio
1212 4186 1241 4240 ῃ,
1262 4145 1329 4240 IV,
1350 4171 1384 4244 p.
1406 4149 1459 4242 14,

371 4257 440 4338 *hoc
459 4265 736 4360 manuscriptum
749 4263 800 4334 ita
812 4263 1002 4338 describit:
1024 4287 1039 4322 e
1057 4262 1327 4336 sacrosanctum
1341 4264 1460 4365 Evan-
1589 4363 1593 4372 Ι

375 4381 565 4474 pelium...
585 4381 693 4476 vulgo
713 4380 947 4456 Diatessaron
963 4384 1206 4479 nuncupatum
1226 4388 1262 4454 01
1278 4382 1316 4456 in
1335 4382 1459 4456 sectio·
