3344 5200
369 394 441 474 222

371 526 463 594 sunt.
490 519 590 593 Idem
609 520 651 592 dc
678 519 828 598 Domino
847 521 1033 597 dicendum
1053 528 1118 594 cst.
1136 523 1211 598 Aut
1235 520 1324 597 feria
1350 527 1452 595 sexta

368 645 433 720 pro
458 625 593 697 duobus
620 623 756 720 diebus,
776 633 812 697 et
836 628 1102 722 sabbatumpro
1120 650 1190 699 uno
1212 627 1270 698 die
1297 626 1452 723 positum

370 735 434 799 est.
453 728 569 816 Quum
588 751 715 824 corpus
734 753 836 802 suum
859 730 897 801 in
913 729 1122 826 mysterium
1148 729 1272 804 mortis
1298 753 1382 803 suae
1400 728 1453 801 eis

370 832 651 906 manducandum
669 831 779 927 daret,
798 833 836 912 in
852 840 1012 918 ventrem
1030 857 1151 906 ecrurn
1173 833 1330 928 intravit,
1348 830 1454 907 sicuti

316 930 319 938 ’
371 943 496 1029 postea
512 937 704 1028 interram.
722 936 770 1008 Et
783 936 867 1034 quia
883 937 1000 1012 Adam
1012 961 1084 1013 non
1100 937 1294 1032 benedixit,
1308 937 1454 1034 quando

370 1037 756 1114 inobedienslructum
783 1042 1003 1137 decerpebat,
1030 1041 1283 1114 benedixit
1308 1040 1455 1114 Domi·

372 1167 457 1216 nus
484 1152 527 1216 et
552 1145 711 1238 fregit.
739 1143 787 1217 Et
812 1144 915 1242 panis
941 1145 1086 1219 intravit
1107 1145 1119 1192 ¹
1143 1153 1184 1224 ‚et
1213 1143 1455 1242 compensavit

372 1245 538 1327 damnum
564 1247 753 1341 aviditatis
772 1273 842 1346 qua
868 1248 984 1322 Adam
1009 1249 1215 1324 mandatum
1244 1249 1321 1329 Dei
1338 1256 1456 1322 trans-
1498 1279 1501 1283 ·

373 1351 518 1446 gressus
537 1358 600 1432 est.
619 1353 694 1425 Aut
710 1358 784 1425 tres
809 1352 886 1426 dies
912 1359 1143 1426 numerantur
1161 1353 1204 1426 de
1230 1353 1402 1442 descensu
1418 1357 1456 1424 et

373 1479 525 1632 {scepsis
549 1455 574 1534 i,
591 1479 620 1530 e.
651 1454 740 1528 seria
770 1463 883 1550 sexta,
909 1457 1092 1530 sabbatum
1124 1463 1160 1531 et
1191 1449 1377 1530 dominica.¹
1406 1456 1456 1530 nt

400 1583 451 1632 rxr
475 1585 489 1631 f:

380 1722 382 1727 ,
477 1665 530 1737 In
565 1670 803 1761 posterum
838 1686 926 1737 non
960 1665 1112 1738 bibam
1139 1663 1303 1738 exhoc
1329 1661 1455 1759 g‘en'i·
1560 1710 1564 1722 ·

332 1859 338 1864 -
376 1767 495 1839 mine
521 1766 639 1842 vitis
675 1790 820 1864 usque
854 1767 909 1842 ad
944 1791 1138 1864 regnum
1163 1763 1324 1842 Patris
1351 1766 1453 1860 mei,

373 1875 414 1941 ut
430 1872 643 1963 estenderet,
661 1895 698 1944 se
720 1873 911 1968 praescire,
928 1878 1068 1968 tempus
1086 1895 1196 1968 prope
1215 1894 1305 1965 esse,
1323 1893 1393 1967 quo
1411 1872 1456 1944 ab

374 1973 428 2046 eis
441 1975 661 2048 discessurus
681 1975 737 2047 sit.
751 1998 765 2032 e
779 1960 902 2072 Usdue
912 1975 957 2048 ad
966 1999 1117 2070 regnum
1130 1975 1249 2048 Patris
1262 1974 1333 2046 mei
1345 1973 1408 2069 „,i.
1426 1998 1457 2048 e.

374 2101 486 2174 usqne
504 2079 549 2152 ad
566 2079 860 2152 resurrectionem
886 2103 1010 2152 meam.
1033 2079 1135 2168 Quod
1153 2078 1255 2152 docet
1281 2077 1403 2152 Simon
1420 2077 1459 2152 in

373 2181 524 2256 Actibus
550 2182 801 2280 Apostolorum
828 2181 974 2256 dicens:
1005 2205 1020 2240 u
1045 2182 1133 2256 Post
1158 2181 1456 2258 resurrectionem

375 2305 440 2388 per
461 2285 695 2383 quadraginta
712 2283 848 2357 dierum
865 2292 1005 2382 tempus
1032 2285 1168 2358 edimus
1186 2311 1266 2359 cum
1285 2309 1327 2358 eo
1349 2291 1385 2358 et
1402 2285 1457 2358 bi-

375 2387 491 2464 bimus
509 2430 523 2464 n
540 2387 567 2484 2,
585 2389 718 2462 seilicet
735 2387 799 2462 illa
816 2389 872 2460 die
899 2389 1014 2486 prima
1037 2390 1280 2484 hebdomadis,
1297 2391 1338 2462 ut
1360 2396 1396 2462 et
1413 2389 1458 2462 il-

346 2494 349 2503 '
374 2487 459 2564 lud:
476 2517 496 2560 c
503 2494 586 2568 Non
604 2495 796 2588 gustabunt
813 2500 973 2586 mortem,
987 2493 1097 2568 donec
1118 2493 1288 2569 videbunt
1305 2516 1458 2590 regnum

376 2593 446 2669 Dei
462 2638 477 2672 s
493 2597 520 2689 ὅ,
539 2595 634 2693 quod
655 2603 736 2694 post
754 2619 818 2670 sex
837 2597 913 2669 dies
932 2598 1062 2670 evenit.

479 2702 594 2774 Ecce
631 2701 830 2774 Satanas
857 2701 1044 2798 accepit
1078 2701 1461 2798 permissionem,

377 2803 624 2878 cribrandi
659 2826 741 2878 vos
779 2811 828 2876 ut
866 2803 1091 2899 triticum,
1119 2813 1165 2878 et
1203 2830 1286 2902 ego
1327 2805 1461 2879 oravi

376 2907 563 2982 Patrem
599 2931 681 3008 pro
707 2915 770 3003 te,
796 2931 850 2980 ne
877 2907 1078 2982 deficiat
1103 2908 1227 2982 fides
1255 2917 1341 2982 tua.
1378 2909 1462 2981 Non

377 3013 491 3087 dixit:
514 3013 623 3087 Oravi
652 3036 717 3110 pro
735 3019 782 3107 te,
801 3019 841 3084 ut
871 3035 942 3085 non
972 3013 1132 3107 tenteris,
1151 3014 1214 3086 sed
1243 3035 1290 3086 ns
1319 3011 1460 3086 deficiat

376 3115 464 3190 fides
491 3123 562 3189 tua.
1517 3106 1526 3129 ⁸

414 3229 422 3250 ’·
481 3219 688 3294 Ostende
716 3221 849 3295 nobis
875 3220 1065 3295 Patrem
1091 3229 1135 3293 et
1163 3219 1354 3294 sufficit
1387 3241 1460 3292 no-

377 3323 461 3398 bis.
488 3323 677 3422 Philippus
695 3324 866 3421 petiit,·ut
884 3325 1114 3422 corporaliter
1132 3325 1272 3398 videret
1301 3322 1459 3428 Patrem,

376 3429 400 3501 i.
419 3451 449 3500 e.
469 3428 709 3524 corporalibus
727 3428 850 3520 oeulis,
867 3429 921 3500 uti
938 3428 1075 3525 priores
1087 3429 1188 3524 justi,
1213 3427 1273 3524 qui
1289 3427 1459 3502 viderunt

377 3530 525 3626 angelos
547 3538 583 3602 et
607 3529 849 3625 archangelos.
877 3532 964 3604 Ideo
990 3532 1164 3606 Dominus
1191 3532 1235 3604 de
1263 3531 1384 3604 divina
1409 3530 1461 3606 vi-

379 3635 489 3726 sione,
508 3658 598 3730 quae
617 3634 746 3708 mentis
766 3635 876 3712 oeulis
893 3635 1098 3734 percipitur,
1118 3636 1151 3708 ei
1173 3659 1384 3732 responsum
1400 3633 1463 3710 de·

378 3737 449 3832 dit;
467 3761 539 3810 non
558 3739 652 3812 enim
669 3738 761 3812 dixit
779 3739 824 3812 ad
842 3764 945 3813 eum:
967 3738 1078 3812 “Non
1091 3739 1231 3814 vidistis
1249 3779 1264 3815 s
1285 3739 1368 3836 quia
1384 3738 1462 3838 ipse

378 3842 548 3920 exteriori
565 3841 645 3916 visu
672 3841 707 3914 ei
732 3852 967 3940 apparuerat3
986 3843 1049 3917 sed
1077 3843 1150 3917 ait:
1168 3845 1269 3917 Non
1298 3844 1464 3940 cogno-

317 3975 325 4002 >
378 3947 521 4022 vistis
547 3969 622 4042 me,
649 3946 733 4044 quia
761 3949 927 4046 majestas
946 3949 1022 4047 ejus
1039 3948 1246 4024 abscondita
1272 3952 1360 4042 erat,
1387 3945 1410 4018 i.
1428 3969 1460 4019 c.

376 4051 409 4126 si
438 4074 494 4124 ma
524 4051 791 4145 cognovissetis,
823 4059 997 4149 quatenus
1032 4076 1103 4126 non
1134 4077 1212 4126 sum
1241 4051 1463 4145 manifestus,

377 4155 483 4229 etiam
500 4154 681 4229 vidissetis
711 4153 855 4230 Patrem
885 4180 1014 4252 meum,
1032 4157 1094 4254 qui
1122 4179 1195 4230 non
1225 4161 1384 4254 apparet.
1414 4153 1463 4228 nt

460 4347 486 4400 1.
507 4335 553 4402 Ol.
566 4341 644 4402 Rou.
660 4343 688 4418 5,
704 4345 762 4404 12:
779 4344 972 4406 «Peccatum
985 4346 1111 4408 intravit
1124 4347 1154 4406 in
1173 4346 1254 4406 hunc
1278 4342 1422 4404 mundum
1435 4370 1463 4404 s.

455 4423 485 4479 2.
506 4417 551 4480 Gi
567 4421 642 4482 Acr-
657 4422 713 4482 Ar.
730 4424 779 4499 10,
790 4425 838 4482 41.

456 4501 483 4557 3.
506 4497 605 4558 Mors.
624 4503 670 4580 16,
686 4502 736 4562 28.
