3268 5220
1207 381 1252 452 43

171 530 297 582 annum
324 530 408 578 eum
434 531 504 582 non
530 506 709 581 tentavit?
737 505 830 595 Quia
860 508 1001 605 signum
1027 509 1252 584 manifestum

170 611 362 686 divinitatis
381 613 459 708 ejus
478 611 520 684 de
543 611 639 684 ooelo
658 611 780 684 datum
806 634 878 686 non
900 621 977 687 erat
994 621 1030 686 et
1046 614 1191 688 humilis
1209 622 1250 686 ut

170 716 316 814 quilibet
334 715 427 787 alius
444 717 547 788 homo
565 718 770 812 apparebat,
797 739 863 788 neo
889 717 1077 813 magnifica
1093 719 1251 791 testimo-

168 821 225 892 nia
236 821 274 892 in
287 821 421 916 populo
434 819 596 912 habebat,
608 819 757 892 Satanas
770 819 1001 894 tentationem
1015 822 1091 918 ejus
1104 828 1251 919 praeter-

169 925 273 1018 misit,
292 923 404 996 donec
429 924 516 997 haeo
535 924 613 996 fieri
630 923 837 1021 inciperent.
863 925 912 997 Et
939 949 1048 1022 quum
1069 925 1249 998 audisset:

170 1029 291 1099 “ane
318 1029 417 1101 venit
443 1051 557 1121 agnus
583 1027 652 1099 Dei
679 1035 715 1100 et
740 1029 771 1100 is
799 1035 864 1123 est,
890 1030 952 1125 qui
978 1028 1072 1101 tollit
1106 1037 1251 1126 pennata

166 1132 287 1204 mundi
301 1172 330 1226 ῃ,
348 1131 453 1204 ualde
470 1132 613 1227 quidem
630 1132 822 1230 obstupuit,
850 1133 913 1204 sed
940 1133 1171 1230 exspectavit,
1190 1132 1250 1207 do·

165 1259 227 1308 neo
244 1236 500 1332 baptizaretur,
519 1242 560 1307 ut
571 1235 721 1331 uideret,
738 1243 859 1309 utrum
876 1243 1056 1333 tamquam
1074 1236 1250 1336 baptismo

166 1341 331 1435 indigens
350 1341 603 1436 baptizaretur.
1306 1331 1309 1342 ’

265 1443 454 1539 Quumque
468 1467 514 1516 ex
528 1443 661 1516 lumine
679 1467 787 1541 super
800 1467 911 1541 aquas
925 1452 1049 1518 exorto
1059 1451 1095 1516 et
1108 1465 1248 1518 exvooe

162 1547 205 1619 de
232 1548 331 1620 ooelo
358 1548 507 1646 delapsa
532 1547 766 1642 cognovisset,
794 1572 875 1621 eum
900 1555 941 1620 ut
970 1548 1248 1644 indigentiarum

162 1652 383 1748 expletorem
395 1653 433 1724 in'
447 1675 575 1748 aquam
593 1651 829 1748 descendisse,
847 1676 918 1725 non
932 1676 1014 1726 vero
1028 1660 1068 1725 ut
1086 1651 1248 1747 indigen·

161 1761 232 1827 tem
251 1757 297 1827 ad
318 1757 534 1852 baptismum
559 1755 711 1851 venisse,
738 1779 858 1829 seeum
884 1757 1108 1853 perpendens
1133 1755 1247 1828 dixit:
1309 1751 1315 1765 ‘

160 1859 240 1932 Nisi
266 1861 305 1931 in
331 1861 523 1932 certamine
541 1864 577 1931 et
593 1883 658 1956 per
674 1862 905 1934 tentationem
931 1884 1012 1932 eum
1037 1861 1246 1957 probavero,

158 1985 372 2057 cognoscere
389 1989 461 2036 non
476 1970 611 2062 potero,
629 1963 691 2058 qui
706 1963 768 2036 ille
788 1966 843 2038 sit.
858 1966 999 2037 Rursus
1015 1965 1082 2036 hoo
1099 1964 1178 2035 ideo
1195 1964 1247 2036 fa·

158 2073 254 2139 otum
272 2074 338 2162 est,
351 2067 649 2164 quiaBenefioum
661 2091 733 2140 non
750 2069 917 2166 oportuit,
930 2075 970 2140 ut
981 2067 1156 2141 voluntati
1169 2068 1246 2164 ejus

158 2172 219 2266 qui
238 2172 284 2242 ad
298 2196 380 2246 eum
396 2173 606 2244 tentandum
623 2171 733 2266 venit,
750 2173 944 2246 resisteret.
960 2171 1163 2261 Quinimmo
1181 2173 1243 2245 ille

158 2299 224 2346 neo
242 2299 351 2348 ausus
372 2283 465 2350 esset
479 2301 560 2348 eum
573 2283 722 2372 tangere
742 2281 778 2348 et
795 2277 980 2370 deduoere,
995 2276 1088 2372 quia,
1103 2299 1246 2370 quomo·

158 2378 202 2450 do
221 2403 303 2452 eum
321 2387 486 2474 tentaret,
500 2380 660 2454 nescivit.
679 2379 829 2454 Satanas
847 2405 918 2454 non
930 2381 1030 2478 prius
1045 2381 1090 2452 ad
1107 2387 1246 2452 tentan-

158 2482 244 2556 dum
263 2485 423 2578 accessit,
442 2509 548 2580 quam
576 2483 750 2558 Dominus
769 2485 814 2557 ad
831 2492 1012 2558 certamen
1028 2485 1105 2582 ipse
1127 2507 1164 2558 se
1183 2507 1246 2581 pa·

156 2587 261 2682 ravit,
282 2595 318 2660 et
334 2588 503 2661 virtutem
522 2587 675 2686 Spiritus
693 2589 739 2661 ad
756 2589 994 2662 dimicandum
1011 2587 1137 2662 induit.

259 2692 441 2765 Eduxit
476 2717 574 2766 eum
610 2691 825 2790 Spiritus
861 2700 1056 2766 sanetus
1092 2691 1138 2765 in
1173 2691 1244 2765 de·

155 2803 348 2889 sertum,
375 2804 424 2870 ut
449 2803 723 2870 tentaretur
750 2821 772 2868 a
798 2796 1002 2891 diabole,
1030 2797 1087 2868 oui
1113 2820 1159 2869 ex
1178 2819 1244 2869 sua

154 2901 427 2974 mansuetudine
444 2901 611 2975 resistere
628 2900 754 2994 noluit,
780 2923 826 2972 ne
852 2901 942 2973 forte
965 2901 1150 2974 audientes
1169 2900 1244 2972 ani-

155 3028 254 3076 mum
271 3006 502 3102 deponerent,
521 3006 707 3102 opinantes
724 3005 749 3098 ¹,
768 3028 850 3076 eum
877 3010 1068 3101 propterea
1094 3003 1188 3102 quod
1206 3004 1244 3076 in

157 3111 352 3182 certamine
379 3109 587 3207 praevalere
614 3132 685 3181 non
711 3115 843 3206 posset,
870 3133 949 3181 oum
975 3115 1151 3182 tentatore
1179 3131 1264 3181 suo-

153 3215 325 3307 oongredi
350 3214 531 3309 noluisso;
561 3221 596 3286 et
621 3213 844 3310 praesertim,
869 3237 914 3286 ne
942 3213 1021 3309 quis
1047 3212 1243 3286 infidelium

153 3323 384 3412 praetextum
409 3319 557 3390 haberet
583 3317 734 3410 dioendi,
762 3317 934 3414 Spiritum
952 3317 1044 3389 Filio
1069 3315 1242 3414 posterio-

154 3443 232 3494 rem
246 3429 283 3492 et
295 3421 498 3495 inferiorern
517 3437 605 3494 esse.
625 3421 664 3494 Si
682 3422 727 3492 ad
745 3428 924 3494 certamen
943 3427 979 3493 et
995 3445 1153 3518 pugnam
1165 3427 1243 3492 tan-

155 3530 233 3595 tum
252 3549 334 3596 eum
353 3525 546 3619 eduxisset,
572 3549 643 3598 non
661 3532 780 3596 autam
798 3526 843 3597 ad
859 3527 1030 3598 honorem
1049 3548 1189 3621 quoque
1207 3531 1243 3596 et

155 3629 324 3724 quietem,
336 3636 431 3702 reete
445 3629 593 3701 forsitan
608 3628 715 3701 dubia
728 3636 883 3700 mentem
896 3631 1167 3726 disputatorum,
1182 3629 1244 3725 qui

155 3734 246 3805 haeo
264 3733 484 3830 perscrutari
501 3733 617 3804 conati
634 3739 727 3824 sunt,
746 3733 947 3806 subiissent.
966 3734 1017 3806 At
1036 3733 1066 3805 si
1079 3732 1171 3805 Filio
1189 3734 1243 3805 in·

155 3837 264 3910 lenior
278 3845 333 3910 est
346 3837 511 3934 Spiritus,
525 3860 636 3932 quare
651 3836 800 3933 Spiritui
814 3837 897 3908 data
914 3845 969 3910 est
985 3843 1143 3934 potestas
1158 3837 1243 3910 edu-

155 3941 260 4013 oendi
279 3964 359 4013 eum
375 3941 414 4012 in
427 3940 633 4014 desertum?
651 3941 745 4013 Nam
763 3947 944 4036 tamquam
961 3948 1137 4039 potestate
1151 3966 1241 4038 prae-

158 4043 255 4119 ditus
273 4046 451 4143 apparuit,
478 4070 587 4142 quum
605 4068 686 4116 eum
700 4044 875 4118 educeret.
903 4044 1007 4133 Quod
1025 4052 1143 4118 autem
1163 4045 1242 4139 Spi-

157 4149 248 4223 ritus
268 4173 349 4222 eum
367 4150 492 4223 eduxit
509 4150 546 4222 in
564 4149 754 4254 desertum,
778 4155 818 4221 ut
835 4155 1034 4224 tentaretur
1053 4173 1074 4221 a
1091 4147 1240 4240 diabolo,

237 4414 264 4470 1.
285 4413 443 4474 Sententia
456 4415 532 4475 haoo
550 4431 590 4475 ex
604 4415 672 4474 ood.
686 4414 712 4472 Β
733 4409 873 4474 οόηθοέει
887 4414 944 4471 est.
958 4413 994 4470 In
1009 4409 1075 4470 aod.
1089 4409 1118 4468 A
1131 4407 1241 4468 laouua

159 4494 217 4567 est,
231 4490 311 4568 quae
323 4492 402 4556 falsa
413 4496 592 4574 conjectura
605 4494 635 4555 in
649 4493 737 4556 textu
751 4493 900 4571 impresso
911 4492 1036 4570 expleta
1047 4491 1104 4550 est.
