3330 5200
16 1054 22 1215 ἶ

14 1218 18 1344 t

1223 397 1290 468 125

179 507 314 616 ¹gistro
329 534 366 598 et
384 523 522 598 doctori
539 523 639 596 loeus
653 549 725 599 non
740 531 828 617 erat,
842 529 881 596 ut
899 522 1002 617 quasi
1019 523 1175 618 agricole
1192 550 1291 599 aoce-

182 625 311 721 deret,
340 631 471 700 (lurum
498 629 574 722 ejus
602 627 716 700 solum
747 633 915 698 exararet
934 633 970 696 et
988 650 1080 698 nova
1103 629 1238 701 semina
1254 633 1291 702 in

181 753 275 802 eam
288 740 490 828 spargeret.
501 731 708 804 Diabolum¹
722 737 840 802 antem
850 729 1053 801 volueribus
1064 733 1291 828 comparavit,

186 833 285 926 quia
299 858 423 905 semen
433 834 561 930 rapuit.
575 834 652 920 Quo
667 833 743 904 loeo
751 833 865 904 etiam
879 832 1022 920 indicat,
1033 831 1212 907 diabolum
1220 861 1292 909 non
1388 896 1391 902 .

185 935 229 1008 vi
251 937 457 1008 doctrinam
465 935 600 1007 homini
610 937 728 1008 datam
743 960 789 1006 ex
804 935 910 1008 corde
921 935 1172 1027 auferre3nam
1187 941 1294 1033 juxta

185 1037 408 1133 imaginem,
420 1062 490 1133 qua
499 1063 585 1110 usus
597 1049 663 1132 est,
673 1061 745 1112 vox
759 1038 938 1131 evangelii
948 1038 993 1107 ad
1003 1045 1142 1132 portam
1157 1048 1294 1117 tantum

188 1143 343 1214 aurium
354 1143 502 1234 adstitit,
512 1142 808 1236 quemadmodum
819 1149 854 1211 et
865 1141 1188 1234 granumfrumenti
1197 1169 1295 1218 man·
1310 1155 1330 1212 '.

189 1245 246 1315 sit
262 1245 301 1314 in
318 1243 505 1339 superficie
519 1255 648 1334 terrae,
663 1268 754 1339 quae
774 1244 909 1316 semina
935 1242 972 1312 in
1002 1242 1117 1338 ipsam
1131 1246 1241 1318 missa
1257 1251 1295 1321 in

190 1347 322 1418 sinum
337 1369 441 1419 suurn
454 1369 525 1416 non
539 1348 674 1442 recepit
685 1373 692 1440 3
704 1371 775 1417 non
789 1346 884 1416 enim
898 1367 1103 1417 conoessum
1120 1356 1175 1418 est
1196 1351 1296 1424 volu-

191 1451 337 1542 eribus,
348 1449 393 1520 ad
404 1471 526 1520 semen
534 1459 736 1544 penetrare,
746 1449 840 1544 quod
858 1455 955 1520 terra
972 1471 1128 1542 unquam
1142 1451 1208 1522 alis
1223 1457 1297 1536 suis

200 1553 376 1646 contegit.
396 1551 527 1644 Etid,
547 1553 627 1645 ait,
651 1552 770 1646 quod
790 1575 933 1644 super
959 1557 1157 1645 petrosa
1184 1566 1297 1651 erat,

196 1673 277 1752 'quo
305 1655 429 1726 Bonus
455 1653 733 1727 misericordiam
762 1661 797 1726 et
823 1654 976 1748 gratiam
1004 1677 1105 1726 suam
1131 1661 1298 1756 ostendit,

196 1760 303 1854 quia,
330 1757 415 1828 lieet
433 1756 523 1828 dura
548 1757 636 1828 haee
662 1765 758 1830 terra
783 1757 919 1828 fruetus
937 1779 1009 1826 non
1030 1757 1150 1851 ferret,
1178 1765 1297 1835 tamen

203 1883 328 1932 semen
347 1863 391 1934 ab
412 1881 453 1929 ea
470 1881 541 1930 non
559 1861 752 1954 prohibuit.
772 1859 871 1946 Quae
889 1866 985 1930 terra
1003 1857 1056 1929 illi
1080 1869 1173 1953 sunt,
1192 1865 1253 1957 qui
1275 1891 1297 1938 a

204 1963 369 2035 doctrina
383 1962 458 2056 ejus
469 1971 706 2053 recesserunt,
718 1963 809 2034 siout
828 1960 1044 2032 dictumest:
1067 1963 1228 2037 “Durum
1244 1973 1299 2040 est

204 2069 485 2162 verbum—tuum,
505 2063 584 2158 quis
603 2073 721 2160 potest
738 2062 775 2136 id
802 2062 953 2135 audire?
968 2061 1017 2136 a,
1048 2065 1105 2136 Ita
1136 2073 1171 2137 et
1188 2069 1297 2142 Iudas

206 2171 359 2242 verbum
374 2167 517 2238 Domini
531 2167 667 2239 audivit
685 2175 721 2239 et
738 2191 802 2262 per
821 2166 992 2238 miracula
1007 2191 1071 2238 sua
1085 2168 1215 2264 floruit,
1235 2173 1298 2244 sed

206 2271 418 2365 intempore
437 2270 644 2341 tentationis
664 2269 738 2342 sine
757 2271 873 2340 fructu
891 2268 1058 2341 inventus
1077 2278 1141 2341 est.

311 2374 426 2446 Terra
444 2380 564 2444 autem
584 2373 696 2468 spinis
716 2373 862 2461 consita,
890 2395 998 2466 quum
1022 2396 1144 2444 semen
1161 2375 1297 2472 aooipe-
1357 2411 1361 2418 ·

208 2483 272 2570 ret,
291 2475 388 2548 vires
405 2499 486 2547 suas
506 2476 618 2570 spinis
637 2482 775 2546 tantum
794 2482 830 2546 et
847 2473 990 2545 tribulis
1009 2475 1125 2570 dedit,
1144 2502 1213 2572 quo
1231 2479 1297 2552 ite-

207 2603 287 2650 rum
305 2579 477 2672 magister
491 2579 699 2651 charitatem
714 2601 813 2648 suam
834 2577 999 2671 ostendit,
1015 2579 1098 2672 quia
1112 2589 1297 2678 promptus

210 2705 331 2754 semen
351 2703 454 2752 suum
472 2681 509 2753 in
527 2689 659 2753 terram
695 2680 868 2771 mittebat,
900 2703 989 2773 quae
1018 2681 1174 2754 alienum
1198 2684 1297 2757 labo-

209 2808 285 2856 rem
302 2785 467 2856 vinoebat
481 2781 508 2857 ³.
529 2783 699 2871 Quamvis
718 2783 755 2853 in
773 2783 843 2854 ista
860 2788 958 2854 terra
977 2783 1100 2878 spinae
1113 2789 1298 2879 praevale-

210 2895 300 2978 rent,
329 2895 458 2980 tamen,
485 2893 525 2958 ut
553 2885 628 2958 sine
661 2886 889 2958 excusatione
917 2891 1023 2976 esset,
1059 2888 1166 2958 etiam
1192 2890 1230 2960 in
1257 2914 1299 2962 ea

211 3013 314 3062 suum
351 3013 472 3061 semen
515 2989 736 3061 abundanter
772 2987 914 3083 sparsit.
932 2987 1042 3060 Dives
1068 2989 1212 3082 quidam
1238 3017 1299 3065 ve·

212 3093 265 3163 nit
283 3091 443 3188 gaudens
470 3091 514 3162 ad
532 3091 724 3163 Dominum
744 3098 780 3162 et
797 3089 911 3162 dixit:
942 3111 957 3146 e
974 3091 1074 3162 Haeo
1096 3094 1214 3165 omnia
1231 3095 1299 3168 feei

212 3219 233 3266 a
240 3196 429 3290 juventute
448 3218 527 3266 mea
540 3193 588 3267 ι’».
609 3193 700 3266 Tum
715 3193 902 3286 Dominus,
921 3198 961 3264 ut
979 3217 1059 3264 eum
1075 3195 1119 3265 ad
1134 3199 1299 3270 sanctita-

213 3307 284 3369 tem
301 3297 524 3392 perduoeret,
551 3321 688 3369 merum
717 3319 838 3384 semen
857 3297 890 3366 ei
908 3295 1008 3367 dedit
1046 3295 1188 3370 dicens:
1220 3301 1300 3374 usi

211 3399 1299 3500 visperfeetusesse,vade,vendeomnia,qnae

210 3502 312 3574 habe
322 3527 348 3574 s.
359 3502 428 3590 Qui
443 3526 523 3573 oum
536 3503 686 3596 videret,
699 3503 895 3598 perfeetum
911 3524 1033 3574 semen
1046 3504 1247 3599 advenisse,
1260 3513 1301 3578 nt

211 3607 254 3677 ab
265 3607 426 3678 omnibus
438 3605 550 3702 spinis
560 3606 677 3701 ipsum
688 3604 940 3676 suffocantibus
950 3603 1299 3702 liberaretur,tristis

211 3706 376 3780 inventus
404 3715 459 3780 est
485 3715 630 3804 propter
658 3732 740 3780 suas
762 3706 916 3800 divitias,
945 3730 1034 3802 quae
1063 3709 1146 3781 illae
1174 3712 1298 3808 spinae

215 3816 315 3881 erant
334 3834 414 3882 eum
433 3811 657 3882 suffocantes.

188 3975 192 3978 .
284 3913 770 3987 .Terraautembona
797 3917 841 3984 et
861 3912 1021 4013 opima
1046 3914 1297 4010 animaesunt,

225 4136 231 4156 ⁶
291 4148 317 4203 1.
338 4147 387 4204 Ad
401 4145 530 4204 verbum
543 4168 549 4205 :
564 4147 685 4204 Malum.

222 4251 224 4256 ·
289 4226 317 4280 2.
339 4225 423 4282 Iosu.
448 4229 475 4296 6,
491 4229 539 4282 61.

290 4305 317 4360 3.
337 4303 374 4360 Id
388 4309 450 4361 ost:
466 4303 625 4362 Culturam
639 4303 753 4361 Christi
766 4323 827 4363 non
842 4303 974 4387 admisit,
991 4307 1021 4362 et
1036 4306 1133 4363 solum
1149 4322 1219 4361 suas
1235 4303 1294 4378 spi-

212 4397 267 4437 nas
280 4382 419 4440 nutrivit.

291 4465 318 4518 4.
340 4459 438 4519 Mara.
462 4464 508 4534 19,
524 4463 571 4519 20.
585 4463 633 4518 21.
