3268 5220
359 1648 710 1732 PRAEFATIO
754 1659 1044 1738 EDITORIS

255 2623 300 2698 ln
331 2619 483 2697 secundo
514 2629 609 2697 tomo
640 2617 804 2698 editionis
827 2624 1061 2698 Armeniacae
1087 2649 1235 2722 operum

155 2765 180 2814 a
197 2742 390 2840 Ephraemi
407 2741 555 2817 habetur
572 2743 676 2838 liber,
693 2741 755 2840 qui
781 2741 985 2817 inscribitur
1011 2767 1025 2802 α
1044 2743 1233 2840 Evangelii

47 2849 48 2854 ¹
153 2862 393 2936 concordantis
419 2862 615 2959 expositio,
640 2863 770 2936 laetas
797 2885 824 2933 s.
845 2861 1072 2957 Ephraemo,
1092 2861 1234 2932 doctore

152 2977 236 3073 Syro
259 3021 286 3055 a.
304 2979 384 3053 Hoe'
410 3003 437 3052 a
454 2979 648 3076 Ephraemi
678 3001 779 3075 opus,
799 2977 836 3050 in
864 2977 941 3050 sola
957 2977 1081 3074 lingua
1106 2980 1233 3052 Arme·

153 3093 246 3170 niaoa
262 3101 518 3191 conservatum,
536 3095 701 3170 versione
728 3094 857 3168 Latina
884 3094 1129 3190 dignissimum
1151 3119 1232 3169 oen-

154 3215 212 3309 sui,
229 3240 302 3290 non
322 3215 444 3296 vsolum
472 3221 663 3313 prepterea
680 3215 774 3312 quod
801 3216 877 3289 sine
902 3215 1008 3288 dubio
1025 3239 1234 3312 germanum

151 3354 234 3428 opus
253 3341 307 3407 est
323 3336 429 3432 hujus
447 3335 642 3408 venerandi
659 3330 790 3428 Patris,
802 3333 867 3406 sed
885 3332 944 3407 vel
958 3331 1112 3406 maxime
1126 3357 1232 3430 prop-

153 3455 200 3524 ter
212 3459 351 3526 textum
364 3454 564 3551 Evangelii,
583 3478 689 3551 quem
712 3477 739 3526 s.
753 3453 975 3551 Ephroemus
992 3453 1030 3526 in
1056 3477 1098 3526 eo
1115 3454 1231 3551 expli·

150 3571 248 3666 eavit,
267 3571 328 3668 qui
354 3579 515 3648 accurate
543 3572 767 3646 examinatus
792 3577 913 3644 textus
938 3570 1128 3667 Evangelii
1146 3571 1230 3644 Dia-

153 3690 272 3762 teseari
296 3690 438 3764 Tatiani
470 3690 660 3764 invenitur.
696 3689 796 3778 Quae
822 3688 874 3761 ita
900 3713 938 3762 se
963 3689 1106 3785 habere,
1129 3692 1230 3764 brevi

154 3803 394 3882 dissertatione
421 3813 634 3908 probaturus
660 3810 815 3906 primum
834 3809 1093 3903 demonstrabo,
1111 3811 1230 3884 Tatia-

151 3942 227 3996 num
252 3925 472 4002 harmoniam
490 3927 690 4024 Evangelii,
709 3951 813 4025 quam
839 3926 1071 4003 Diatesseron
1089 3936 1226 4022 vocant,

150 4042 343 4138 confecisse,
360 4044 487 4117 deinde
514 4045 733 4142 argumentis
758 4044 984 4138 confirmabo,
1011 4070 1039 4118 s.
1066 4045 1226 4142 Ephrae·

151 4179 237 4232 mum
258 4161 547 4236 commentarium
564 4163 602 4236 in
620 4163 759 4236 Tatiani
778 4162 1010 4237 Diatessaron
1029 4162 1224 4260 scripsisse,

150 4279 286 4378 ejusque
314 4283 602 4358 commentarium
622 4284 658 4356 in
674 4265 743 4356 'hoo
765 4307 871 4381 opere
891 4281 1101 4362 Armeniaoo
1124 4277 1226 4350 nobis

151 4407 388 4476 conservatum
406 4425 504 4477 esse.
