3344 5200
1261 377 1331 452 239

242 506 380 609 plicans
406 509 582 607 propheta
609 507 712 605 regni
734 507 878 582 Domini
897 506 1025 583 fiebat*
1050 507 1191 580 dicens:
1215 507 1330 581 Num

245 610 513 709 ego'regem
540 620 750 686 vestrum
776 612 823 684 in
848 634 1032 686 crucem
1058 610 1216 706 agam?
1248 611 1330 709 My·

243 714 392 787 sterium
410 715 608 810 sanguinis,
625 715 687 812 qui
703 715 816 811 portis
833 737 954 788 eorum
981 717 1251 812 aspergebatur,
1267 737 1331 787 an-

227 817 363 912 -gelum
388 818 608 892 mortiferum
631 814 674 890 ¹et
698 817 916 914 perditorem
942 819 986 892 ab
1013 818 1066 890 eis
1082 819 1236 892 arcebat.
1270 816 1331 891 Ad

228 919 335 992 bunc
352 927 470 994 autem
489 945 622 1017 agnum
638 944 763 996 verum
782 945 865 994 suas
882 919 1122 1018 blasphemias
1148 926 1333 994 converte·

228 1029 335 1116 runt,
354 1047 466 1120 eoque
493 1025 682 1122 repudiato
706 1021 909 1099 Barabbam
934 1023 1146 1098 homicidam
1173 1023 1242 1096 sibi
1266 1045 1331 1122 po·

226 1125 428 1200 :erularum

219 1273 229 1290 ι,
344 1229 437 1317 Quia
460 1230 712 1304 vestimentum
737 1253 958 1330 purpureum
984 1228 1177 1303 Dominum
1202 1227 1329 1302 indue·

225 1336 333 1426 runt,
350 1331 408 1404 hi'c
434 1334 580 1406 sustulit
606 1358 758 1430 regnum
784 1334 910 1407 lsrasl.
937 1334 1125 1430 Quumque
1155 1355 1236 1404 eum
1262 1331 1329 1404 itc-

94 1447 97 1454 ’
224 1457 317 1505 rum
345 1435 579 1531 denudarent,
600 1437 827 1511 manifestum
852 1437 947 1530 fecit,
973 1436 1067 1533 quod
1097 1441 1247 1508 mortem
1274 1434 1331 1506 eis

222 1537 465 1632 relinqueret.
485 1540 599 1613 Porro
617 1563 777 1639 purpura
794 1563 874 1612 eum
900 1539 1107 1632 induerunt,
1122 1539 1216 1634 qula,
1235 1538 1331 1611 sicut.

234 1662 314 1712 eum
341 1648 488 1738 propter
514 1643 649 1717 tributa
675 1643 983 1724 calumniabantur
1007 1641 1189 1714 dicentes:
1218 1639 1328 1714 «Hie

233 1743 400 1836 prohibet
426 1744 560 1818 tributa
586 1747 672 1820 dare
691 1746 838 1820 Caesari
856 1785 871 1822 n
886 1746 914 1838 ²,
941 1746 992 1818 ita
1010 1753 1047 1816 et
1068 1750 1214 1842 propter
1239 1767 1327 1839 pur-

234 1868 361 1938 puram
387 1847 579 1920 voluerunt
605 1872 686 1922 eum
713 1849 873 1922 occidere
912 1848 1096 1946 dicentes:
1122 1846 1258 1939 “Ecca
1286 1869 1326 1918 se

234 1946 350 2044 ipsum
374 1949 411 2021 in
437 1971 589 2045 regnum
615 1952 767 2026 intrudit
783 1992 811 2026 s.
840 1953 958 2040 Quum
983 1958 1134 2025 mortem
1162 1950 1195 2021 ei
1220 1971 1325 2046 para·
1441 2049 1444 2054 ·
1498 1953 1504 1970 ’

220 2057 326 2144 rent,
345 2051 615 2148 prophetarunt,
633 2062 673 2127 ut
691 2061 727 2127 et
745 2055 911 2152 Oaiphas.
929 2055 979 2127 st
1004 2055 1042 2126 in
1068 2075 1241 2127 corona
1267 2075 1322 2124 cx

234 2154 400 2250 spinis,
417 2156 456 2227 in
474 2157 550 2253 ejus
568 2157 771 2231 irrisionem
794 2164 1017 2255 praeparato,
1032 2156 1248 2230 contrarium
1266 2176 1326 2226 ac·

233 2255 320 2328 cidit
337 2263 373 2328 et
391 2282 512 2334 eorum
530 2259 722 2334 infidelitas
741 2261 779 2334 in
795 2263 928 2335 bonum
946 2285 1119 2335 conversa
1139 2265 1204 2351 cst,
1222 2257 1324 2330 ride·

221 2355 326 2454 licet,
345 2367 385 2433 ut
411 2385 477 2458 per
503 2385 581 2436 eam
608 2364 772 2437 inimicus
797 2366 1015 2458 vinceretur,
1040 2364 1124 2461 quia
1147 2361 1325 2434 Dominus
1398 2403 1401 2408 ·

230 2483 296 2556 per
334 2486 434 2536 suam
464 2485 628 2538 coronam
665 2467 810 2540 sustulit
843 2467 1035 2542 maledicta
1063 2465 1165 2542 Adae
1191 2463 1324 2561 primi:

234 2565 405 2661 “Spinas
433 2572 470 2638 et
494 2567 645 2641 tribulos
672 2569 738 2643 tibi
766 2570 981 2666 germinabit
997 2609 1012 2644 a
1028 2568 1063 2642 ³.
1100 2569 1159 2642 st
1188 2584 1319 2664 spue-
1349 2633 1351 2638 .

224 2667 342 2740 'runt
372 2668 612 2744 infaciem
639 2673 755 2768 ejus,
784 2669 845 2768 qui
866 2671 1061 2746 insufflavit
1077 2670 1130 2744 eis
1148 2666 1322 2768 Spiritum

231 2777 400 2844 sanctum.
427 2771 677 2847 Dederunt
703 2774 983 2848 arundinem
1004 2775 1051 2847 in
1068 2774 1322 2871 manucjus,

230 2872 313 2965 quia
339 2873 514 2948 Dominus
541 2885 618 2950 orat
644 2877 791 2951 baculus
819 2883 1022 2952 sustentans
1049 2876 1232 2970 mnndum,
1259 2874 1322 2974 qui

221 2983 409 3070 senuerat,
428 2984 464 3048 et
481 2978 519 3052 in
540 3003 582 3052 eo
599 2981 823 3054 fulciebatur.
851 2981 898 3054 Et
920 2979 1011 3052 sicut
1037 2979 1210 3054 arundine
1237 3001 1319 3052 con-

162 3113 166 3120 x
218 3109 224 3142 ι
231 3075 420 3152 firmantur
438 3085 474 3152 et
491 3089 589 3154 ratae
608 3083 697 3156 fiunt
716 3083 914 3156 sententiae
925 3082 1097 3178 judicum,
1115 3083 1167 3155 ita
1192 3086 1228 3153 et
1247 3081 1322 3156 Do·

229 3179 348 3253 minus
366 3205 431 3278 per
450 3185 660 3258 arundinem
679 3186 821 3283 scripsit
839 3193 877 3260 et
893 3185 996 3282 ejecit
1014 3209 1033 3258 a
1052 3186 1156 3258 domo
1174 3208 1240 3258 sua
1252 3185 1279 3258 ¹⁸.

218 3321 223 3330 =
291 3303 296 3312 ·
333 3284 478 3372 Quum
511 3287 657 3361 Judas
698 3289 898 3382 rideret,
938 3287 1185 3362 Dominum
1221 3311 1319 3364 esse

229 3386 603 3485 condemnatum,
630 3398 764 3464 actus
790 3389 954 3465 dolore
980 3391 1102 3466 abiit
1125 3397 1169 3464 et
1195 3397 1319 3464 retu·

221 3485 288 3560 lit
314 3489 525 3586 triginta
564 3500 821 3590 argenteos
859 3494 913 3568 ad
953 3494 1231 3568 sacerdotes
1272 3501 1320 3567 et

229 3591 554 3689 ait:Peccaui,
580 3597 690 3692 quia
717 3597 1192 3695 sanguinem'justnm
1226 3602 1317 3670 tra-

220 3691 340 3766 didi.
381 3693 556 3771 Dicunt
595 3699 659 3771 ei:
686 3699 789 3774 Non
828 3708 900 3774 est
937 3701 1072 3774 nobis
1107 3721 1228 3794 cura,
1268 3705 1317 3774 tu

229 3797 670 3899 nostiEtprojecit
696 3801 1252 3900 argentumintemplum
1272 3809 1318 3876 ct

304 4049 332 4104 1.
352 4046 454 4107 Locus
469 4067 510 4108 ex
527 4052 593 4112 cod.
607 4051 641 4109 B.
656 4052 848 4112 emendatus.

303 4126 332 4181 2.
354 4123 428 4183 Lao.
444 4128 492 4200 23,
508 4131 536 4188 2.

302 4205 332 4338 l.
341 4203 658 4348 .ll?lia3‹lcllententia
670 4287 702 4346 in
717 4287 784 4350 cod.
804 4288 831 4348 B
854 4287 997 4352 habetur.
1011 4290 1119 4352 Lectio
1146 4291 1214 4353 cod.
1227 4291 1256 4353 A
1269 4293 1315 4355 sio

224 4355 424 4501 ppptiopoutpst
430 4381 437 4420 ε
456 4364 531 4426 “Ita
546 4370 577 4426 et
596 4366 749 4486 Dominus
767 4369 953 4429 sententiam
967 4369 1092 4450 scripsit
1106 4372 1138 4432 et
1150 4369 1254 4438 emisit
1273 4397 1315 4442 ex
