3344 5200
1231 409 1301 484 227
1400 454 1403 468 ·

212 537 421 612 Pharaonis,
440 532 655 632 Atspiritus
672 532 776 609 vivus
797 532 942 630 Moyses
970 557 1150 631 nunquam
1177 537 1300 634 appel·

209 642 307 715 latus
329 648 395 715 est.
424 639 507 733 Non
524 637 610 712 dioit
635 637 821 734 Scriptura
838 636 881 707 de
899 635 988 732 Eva,
1005 637 1100 734 quod
1127 660 1227 713 soror
1255 641 1302 713 sit

213 743 328 840 Adae,
345 749 407 818 aut
423 743 498 815 filia
516 741 603 839 ejus,
617 739 681 813 sed
706 739 800 836 quod
830 763 877 810 ex
898 763 940 812 eo
959 747 1023 813 est.
1042 741 1100 814 Ita
1113 748 1149 812 et
1163 741 1207 813 de
1222 742 1302 840 Spi-

212 849 286 922 ritu
302 852 425 922 sanato
441 869 513 918 non
530 850 587 916 est
603 844 804 936 dicendum,
817 843 912 938 quod
929 843 1025 916 filius
1039 851 1094 916 est
1110 850 1172 916 aut
1190 868 1301 942 soror,

212 951 278 1025 sed
297 974 344 1024 ex
365 971 408 1022 eo
433 955 488 1020 est
506 954 542 1020 et
570 945 882 1020 consubstantialis
909 953 965 1018 est
987 947 1030 1018 ei.
1055 947 1155 1018 Etsi
1180 946 1212 1020 is
1239 949 1301 1045 qui

178 1093 188 1104 ι
213 1057 405 1143 serutatur,
422 1051 538 1124 minor
555 1057 651 1122 esset
668 1073 721 1143 eo,
743 1071 849 1146 quern
875 1055 1064 1143 serutatur,
1082 1071 1162 1121 ecee
1191 1051 1303 1148 serip-

207 1161 385 1229 tumeat:
406 1154 476 1228 “Is
494 1154 556 1250 qui
582 1157 761 1226 serutatur
787 1151 904 1245 eorda,
923 1151 999 1246 soit,
1017 1175 1108 1248 quae
1134 1152 1302 1248 cogitatio

207 1259 264 1332 ¹sit
280 1257 449 1354 spiritui„
464 1256 488 1329 ¹.
509 1255 549 1332 Si
564 1256 632 1328 hoo
648 1256 700 1328 ita
718 1279 756 1328 se
773 1253 892 1348 habat,
905 1279 991 1328 num
1018 1255 1117 1328 Deus
1139 1261 1302 1330 serutans

216 1358 413 1458 spiritum²
431 1359 546 1432 minor
564 1365 630 1452 est,
648 1380 753 1454 quarn
773 1357 952 1452 spiritus?

318 1461 382 1534 De
402 1460 589 1558 judicio
616 1467 781 1554 autem,
803 1460 1154 1558 quiaprinoeps
1182 1485 1300 1536 mun-

213 1562 263 1636 di
297 1562 436 1662 hujus
480 1565 726 1638 damnatus
773 1569 845 1634 est
878 1565 1005 1656 (Iona.
1031 1565 1185 1660 16‚11)
1216 1566 1239 1638 i.
1273 1589 1303 1638 e.

210 1681 287 1738 'non
313 1669 409 1764 quod
434 1669 562 1740 iterato
597 1667 749 1740 Satanas
776 1689 926 1760 poenam
947 1666 1182 1740 damnationis
1219 1691 1304 1742 suae

212 1769 356 1867 accipit,
374 1795 483 1868 quum
511 1769 640 1842 exinde
664 1768 702 1842 in
727 1777 939 1866 perpetuum
964 1769 1218 1844 oondemnatus
1246 1771 1303 1846 sit.

208 1899 212 1906 ’
324 1871 389 1946 Da
413 1873 525 1946 milri
551 1871 753 1968 gloriam
779 1895 801 1944 a
827 1879 870 1944 te
899 1893 953 1944 ex
980 1865 1202 1970 ea,quam
1232 1874 1302 1947 de·

77 1999 81 2010 ²
195 1975 336 2054 disti
374 1975 498 2070 mihi,
525 1982 777 2072 antequam
816 1974 1014 2048 mundus
1053 1975 1208 2049 faetus
1240 1999 1303 2051 es·

208 2077 318 2162 aare
337 2079 452 2174 (rom.
469 2083 526 2173 17,
542 2079 589 2172 1),
608 2101 678 2174 quo
696 2085 855 2174 tompore
874 2077 984 2150 Pater
1002 2102 1125 2152 omnes
1143 2103 1202 2153 res
1220 2079 1304 2154 lec-it

215 2204 281 2276 per
299 2181 443 2274 Filium,
460 2190 501 2255 ut
516 2180 676 2278 psalmus
695 2181 872 2278 explieat:
894 2203 909 2238 α
928 2179 1088 2254 Gloriam
1108 2189 1145 2277 et
1165 2183 1303 2279 magni-

213 2283 393 2358 ficentiam
428 2284 585 2358 induit„
615 2281 630 2329 '⁸
665 2289 702 2356 et
737 2291 863 2380 postea
902 2292 1084 2358 creaturas
1112 2309 1159 2358 ex
1193 2283 1306 2360 nihilo
1384 2293 1386 2298 ’

210 2387 340 2460 aduxit
358 2394 394 2460 et
421 2388 497 2462 sins
522 2385 662 2459 macula
687 2385 879 2460 constituit.
906 2387 1087 2461 “Domine
1112 2388 1225 2482 Deus,
1244 2388 1305 2482 ait,

213 2512 365 2586 magnus
381 2491 495 2563 faetus
513 2513 551 2561 es
578 2488 695 2582 valde,
710 2487 861 2581 gloriam
877 2495 912 2561 et
930 2490 1229 2584 magnificentiam
1251 2491 1305 2566 in·

210 2591 325 2666 duisti
343 2599 379 2664 et
395 2593 545 2666 amiotus
565 2613 603 2663 es
621 2589 756 2662 lumine
779 2591 882 2686 quasi
909 2593 1129 2686 operimento
1144 2619 1152 2688 3
1181 2599 1306 2668 exten-

207 2692 299 2768 'disti
315 2693 454 2768 'eoelum
471 2701 511 2766 ut
528 2691 797 2768 tabernaculum
815 2701 880 2766 eto.
896 2733 910 2767 a
927 2693 953 2765 5.
975 2694 1092 2782 Quum
1110 2701 1231 2768 autem
1257 2719 1305 2770 ex

124 2817 128 2824 ·
212 2798 412 2892 perditione
430 2797 533 2872 Adae
556 2820 614 2870 res
639 2801 781 2868 'creatae
806 2795 1044 2868 humilitatem
1071 2799 1147 2894 ejus
1169 2797 1305 2871 induis-

208 2907 305 2996 sent,
323 2907 416 2974 teste
433 2899 630 2996 Apostolo:
652 2921 666 2957 u
685 2896 880 2972 Creaturae
900 2900 1079 2995 subjeotae
1098 2907 1180 2973 sunt
1205 2895 1306 2974 varii-

207 3004 281 3076 ·tati
297 3041 312 3078 u
328 3002 356 3097 ⁶,
382 3002 497 3078 Filius
523 3001 694 3075 creatoris
720 3002 765 3074 ad
793 3025 854 3074 ees
881 3001 1058 3076 sanandus
1076 3003 1185 3098 venit,
1202 3009 1243 3075 ut
1267 3003 1305 3078 in

206 3129 279 3180 ‘suo
309 3106 465 3182 adventu
495 3103 652 3178 maoulas
684 3127 805 3178 aarum
835 3129 900 3202 per
929 3105 1147 3202 baptismum
1177 3107 1303 3181 mortis

297 3371 324 3426 1.
343 3367 421 3428 Rom.
436 3369 464 3442 8,
479 3370 527 3426 27.

294 3448 323 3506 2.
344 3444 450 3504 Verba
462 3462 477 3492 e
491 3445 575 3504 Deus
589 3445 731 3504 scrutans
746 3447 908 3522 spiritum„
922 3447 1137 3524 explicationis
1155 3463 1250 3508 eausa
1262 3445 1306 3504 in-

213 3525 298 3584 serui
310 3543 319 3600 ;
331 3526 361 3582 in
375 3526 465 3583 textu
479 3523 655 3600 subjeetum
670 3523 699 3580 in
714 3525 772 3582 hae
786 3527 939 3584 sententia
951 3527 1072 3584 omnino
1093 3526 1190 3586 deest.
1214 3523 1306 3584 Relu-

217 3607 265 3660 tat
294 3604 468 3664 haereticos
499 3603 653 3673 dieentes,
682 3601 824 3677 Spiritum
852 3603 917 3662 aad
940 3603 1141 3666 discendum„
1175 3602 1309 3665 serutari

215 3699 346 3755 aroana,
367 3696 500 3756 eumque
522 3681 608 3752 Deo,
634 3698 724 3756 quem
757 3683 924 3755 serutatur,
947 3683 1095 3742 minorem
1119 3684 1139 3739 i.
1168 3703 1195 3742 e.
1220 3698 1306 3742 orsa·

217 3763 284 3816 tum
298 3775 379 3818 esse.
402 3793 443 3802 -
466 3758 495 3818 S.
509 3759 603 3818 Pater
627 3774 668 3814 ex
680 3758 749 3816 loeo
770 3761 810 3818 ad
832 3761 910 3818 Bou·
934 3764 969 3835 8,
990 3763 1026 3820 nl
1053 3761 1198 3837 ostendit,
1221 3779 1307 3820 soru-

209 3837 351 3905 ¹tutorem
371 3855 433 3896 non
457 3854 526 3894 esse
553 3837 701 3894 minorem
723 3852 762 3895 eo
787 3855 877 3913 quem
900 3841 1066 3915 scrutatur,
1084 3857 1174 3899 seous
1197 3855 1307 3916 seque·

216 3917 314 3991 retur,
333 3916 448 3991 Deum,
470 3913 521 3991 qui
546 3914 685 3990 spiritum
709 3914 839 3974 hominis
868 3917 1039 3994 serutatur,
1062 3917 1213 3977 minorem
1237 3933 1307 3976 esso

216 3993 338 4070 spiritu.

298 4075 327 4131 3.
349 4071 399 4131 Ita
421 4069 453 4129 in
477 4071 545 4130 eod.
558 4070 595 4128 B.
617 4067 765 4129 codicem
786 4071 815 4128 A
838 4072 976 4148 sequitur
1003 4074 1128 4134 Auohsr
1154 4075 1302 4132 uertens:

210 4148 429 4228 '‘Priusquam
452 4150 583 4209 mundns
606 4146 849 4212 faetusessetin
867 4155 1124 4230 temperantque
1148 4149 1303 4213 condebat

216 4226 313 4288 Pater
327 4232 486 4289 creaturas
498 4246 555 4306 por
566 4225 676 4286 Filium
689 4256 715 4291 a.

296 4307 523 4380 4.Ps.1oa,1.

209 4403 213 4414 ·
296 4385 324 4442 5.
344 4383 396 4442 Pa.
419 4387 485 4458 103,
501 4385 560 4442 2-3.

295 4466 325 4521 θα
346 4462 423 4522 Bou·
438 4463 519 4520 8¹20·
