3268 5220
369 471 475 545 vinea
492 477 564 562 tua,
582 469 645 542 sed
657 469 744 544 haec
757 467 829 541 sint
845 467 1061 567 pauperibus
1075 467 1101 562 ¹,
1119 465 1150 541 si
1166 465 1233 540 hoc
1249 452 1452 542 dictumest

371 575 424 650 eis
450 575 511 672 qui
538 575 602 647 sub
629 573 709 670 lege
728 579 822 668 sunt,
848 573 933 669 quid
960 571 1171 662 Christianis
1196 572 1449 670 praecipietur,

367 677 495 774 quibus
514 677 687 752 Dominus
705 677 814 749 dixit:
843 698 858 734 a
879 675 962 749 Nisi
987 674 1221 750 abundantior
1246 675 1451 749 inveniatur

352 808 353 811 ¹
361 781 504 878 justitia
519 789 650 874 vestra,
668 789 773 878 quam
795 780 998 854 Scribarum
1019 785 1057 850 et
1071 777 1355 874 Pharisaeorum,
1375 801 1451 852 non

366 885 517 982 potestis
535 885 723 959 intrarein
740 907 891 978 regnum
909 883 1117 956 coelorum?
1135 921 1163 958 a.

470 981 567 1062 Hoc
594 987 816 1081 audistis,
837 988 957 1082 quod
978 985 1151 1058 dictum
1177 991 1269 1058 est:
1289 985 1354 1059 Ne
1382 1007 1449 1058 oc-

368 1091 523 1188 cidas,
551 1091 775 1190 qui·enim
802 1089 990 1183 occidit,
1016 1113 1126 1162 reus
1153 1094 1224 1161 est
1249 1089 1447 1186 judicio.

352 1195 456 1270 'Sed
483 1219 567 1293 ego
603 1195 709 1269 dico·
739 1193 892 1268 robis:
924 1192 1011 1282 Qui
1037 1192 1156 1265 dicit
1182 1192 1326 1266 fratri
1353 1217 1447 1286 suo,

366 1298 505 1372 fatue.
533 1299 625 1388 Quia
649 1321 776 1394 nempe
805 1300 872 1372 hoc
898 1319 1037 1394 quoque
1054 1319 1184 1368 nomen
1200 1303 1347 1393 propter
1365 1295 1448 1370 vili-

367 1409 478 1475 tatem
496 1403 656 1477 homines
674 1401 829 1474 offendit.
846 1401 974 1494 Homo,
993 1399 1060 1472 etsi
1077 1399 1188 1494 rudis,
1201 1422 1343 1472 cursum
1359 1407 1450 1472 tem·

367 1505 466 1602 poris
484 1506 673 1602 cognoscit,
700 1505 841 1602 sapiens
859 1511 982 1576 autem
996 1526 1138 1578 cursum
1157 1503 1407 1598 cogitationmu
1420 1502 1449 1576 ².

250 1699 253 1704 Ι
366 1608 549 1684 Perfectos
575 1633 661 1705 ergo
688 1609 732 1680 ad
757 1609 931 1706 perfectos
956 1605 1180 1680 introducere
1210 1607 1334 1701 voluit,
1364 1611 1387 1680 i.
1416 1631 1450 1680 e.

366 1713 542 1812 perfectos
568 1713 613 1786 ad
638 1711 794 1808 angelos.
820 1711 928 1808 Apud
945 1710 1135 1786 Dominum
1154 1711 1244 1808 justi
1274 1711 1328 1784 rei
1355 1717 1451 1806 sunt,

366 1818 419 1890 ita
444 1823 480 1890 et
505 1816 575 1916 ipsi
602 1841 639 1890 se
665 1815 817 1889 invicem
843 1837 923 1887 reos
949 1821 1151 1908 agnoscant.
1178 1813 1277 1888 Deus
1302 1814 1452 1910 homini,
1533 1850 1535 1854 ·
1628 1847 1629 1910 r

370 1944 477 2018 quem
503 1922 548 1994 ad
575 1945 674 1994 suam
700 1918 890 2016 imaginem
916 1917 1010 2012 fecit,
1043 1918 1244 1994 libertatem
1272 1919 1379 2012 dedit,
1409 1926 1453 1990 ut

367 2024 550 2098 voluntate
576 2024 767 2121 possideat,
792 2021 886 2119 quod
903 2022 1001 2094 Deus
1023 2045 1075 2094 ex
1100 2028 1228 2094 natura
1251 2047 1315 2096 sua
1330 2023 1449 2096 habet.

367 2128 416 2202 Et
433 2127 683 2224 contemplare,
701 2126 874 2223 quomodo
892 2131 929 2198 et
944 2125 1054 2220 Deus,
1080 2125 1241 2222 quamvis
1260 2149 1306 2198 ex
1322 2131 1453 2198 natura
1473 2185 1475 2190 ,

369 2231 488 2303 omnia
506 2233 583 2328 jam
608 2230 816 2327 possideret,
844 2235 963 2312 tamen
987 2228 1152 2302 libertate
1185 2229 1452 2304 vicissitudines

367 2334 463 2409 vitae
479 2335 653 2408 humanae
672 2333 780 2407 subiit
792 2331 818 2406 5.
910 2339 911 2348 ’
1276 2417 1283 2428 1

471 2437 706 2531 Audistis,
733 2437 842 2533 quia
870 2436 1162 2509 dictumest:
1194 2436 1294 2511 Non
1320 2437 1449 2510 adul-

369 2542 564 2637 terabis,
600 2541 681 2614 sed
715 2563 799 2636 ego
842 2539 944 2612 dioc
986 2541 1143 2614 vobis:
1171 2541 1450 2638 Quicunque

369 2644 572 2742 aspicitl
600 2652 645 2717 et
671 2643 979 2740 concupiscit,
1006 2643 1263 2718 adulterat.
1289 2645 1337 2718 Et
1363 2645 1449 2742 quia

371 2755 482 2842 erant,
497 2749 557 2847 qui
570 2747 724 2842 divitias,
739 2747 895 2842 delicias,
908 2746 1108 2843 voluptates
1124 2755 1159 2842 et
1171 2750 1281 2822 verba
1297 2749 1343 2821 ad
1354 2749 1451 2821 mala

275 2930 277 2937 ,
369 2852 555 2926 incitantia
580 2855 754 2946 amabant,
782 2851 873 2924 dixit
894 2849 1090 2924 Dominus:
1113 2851 1160 2924 Si
1184 2875 1343 2926 manus
1368 2857 1450 2924 tua

370 2955 446 3030 vel
471 2981 552 3054 pes
579 2953 1019 3040 tuusecandalizet
1044 2961 1098 3028 te.
1118 2944 1449 3052 Sientmtdespsis

366 3061 533 3134 membris
550 3061 616 3133 hoe
628 3059 693 3132 tibi
706 3057 897 3156 praecepit,
915 3081 1023 3153 quare
1036 3059 1077 3130 tu
1088 3059 1208 3156 parcis,
1227 3057 1371 3153 divitiis,
1389 3058 1448 3132 rel
1524 3139 1535 3160 ,

366 3163 618 3263 voluptatibus,
631 3162 690 3237 vel
702 3163 821 3238 verbis
839 3161 970 3260 pravis,
988 3185 1077 3258 quae
1094 3162 1196 3236 facile
1214 3162 1451 3243 amoventur?

445 3413 472 3470 1.
494 3377 581 3472 (loni.
596 3411 668 3470 er.
683 3413 731 3486 19,
745 3411 774 3469 9.

443 3492 473 3548 2.
492 3491 542 3550 Ita
556 3492 673 3550 textum
689 3491 871 3567 impressum
885 3485 1098 3562 corrigendum
1112 3503 1182 3547 esse
1200 3487 1342 3548 existimo
1353 3487 1449 3564 juxta
1537 3538 1540 3542 .

366 3567 434 3628 cod.
445 3569 480 3645 B,
495 3567 546 3646 qui
556 3569 596 3628 ad
608 3570 736 3629 verbum
750 3569 860 3628 babet:
878 3565 979 3634 “Quia
992 3565 1049 3625 boc
1064 3584 1184 3642 quoque
1195 3582 1337 3626 nomeu...
1349 3565 1445 3627 offen·

366 3646 412 3706 dit
424 3646 545 3708 idiotas.
559 3649 644 3710 Sicut
658 3665 780 3708 cursum
793 3650 963 3722 temporum
987 3649 1178 3720 cognoscunt
1200 3646 1303 3720 rudes,
1326 3646 1370 3704 ita
1397 3661 1447 3702 sa-

364 3725 484 3800 pientes
499 3731 558 3786 eta.
577 3729 690 3788 Sensus
712 3743 782 3786 esse
801 3723 938 3783 ridetur:
957 3722 988 3782 Si
1004 3723 1095 3782 rudes
1115 3724 1254 3800 tempora
1276 3726 1443 3785 observare
1490 3721 1491 3724 ’

365 3803 475 3880 sciunt,
491 3806 644 3882 sapientes
659 3824 778 3883 quoque
800 3803 1001 3880 cogitationes
1015 3821 1086 3860 suas
1108 3803 1276 3862 observare
1293 3808 1324 3862 et
1338 3801 1446 3862 mode·

364 3883 437 3960 rari,
452 3889 484 3944 et
497 3890 598 3944 motus
612 3885 788 3944 iracundiae
802 3887 833 3943 et
847 3879 943 3942 rerba
955 3879 1104 3958 injuriosa
1114 3883 1288 3959 opprimere
1301 3882 1441 3960 possunt.

441 3965 471 4021 3·
490 3962 540 4020 Ad
553 3965 698 4022 verbum:
717 3979 730 4010 r
743 3963 857 4020 Tamen
871 3959 960 4038 quasi
971 3960 1003 4018 in
1016 3959 1159 4020 libertate
1174 3961 1341 4020 ambulavit
1353 3991 1380 4024 a.

444 4042 473 4100 4.
493 4041 544 4099 Ita
556 4043 588 4100 in
601 4047 732 4118 utroque
750 4042 864 4102 codice.

441 4118 471 4176 5.
492 4119 530 4178 In
542 4120 589 4178 his
610 4127 641 4180 et
661 4139 746 4197 seqq.
767 4121 868 4196 arguit
881 4135 935 4176 eos
949 4117 1000 4194 qui
1017 4117 1113 4178 rerba
1126 4116 1240 4176 Christi
1252 4116 1439 4177 maleinter-

363 4199 521 4274 pretantes
535 4217 567 4257 se
581 4201 663 4276 ipsos
677 4199 863 4258 mutilarunt.
877 4197 990 4255 Sensus
1004 4215 1074 4256 esse
1088 4196 1228 4256 ridetur:
1243 4197 1283 4274 Si,
1295 4213 1355 4272 ego
1365 4197 1439 4256 dicit

363 4275 520 4356 Dominus,
533 4279 677 4356 praecepi
686 4278 742 4337 tibi
751 4279 818 4355 ipsa
828 4277 964 4337 membra
973 4291 1127 4348 resecare,
1141 4279 1176 4334 ut
1186 4280 1220 4334 tu
1229 4281 1330 4354 putas,
1341 4293 1437 4352 quare

363 4353 398 4412 tu
410 4373 472 4414 non
484 4375 626 4419 removes
639 4361 698 4416 ate
711 4357 837 4440 fallaces
851 4355 972 4418 divitias
986 4358 1057 4432 eta,
1071 4371 1146 4433 quas
1168 4354 1304 4434 abjicere
1317 4353 1438 4416 facilius

364 4434 423 4514 est,
437 4451 527 4514 quam
540 4435 661 4500 auferre
675 4438 820 4499 membra.
