3344 5200
347 299 419 368 200
499 368 502 373 .

288 446 292 450 ’
349 433 521 506 Attamen
543 413 665 505 ¹nenne
702 441 738 505 et
774 435 849 506 sine
885 435 982 527 luto,
1010 433 1145 508 invidie
1178 433 1215 506 in
1246 459 1326 508 eum
1353 437 1444 527 aeti,

348 535 550 630 rejecerunt
563 558 655 628 eum,
669 537 811 632 quando
829 536 905 610 sola
916 560 1003 610 voee
1022 537 1162 610 sanarit
1178 537 1442 634 hydropieum?

212 675 218 690 =
351 635 531 734 Cuiquid·
548 638 641 728 feeit,
664 640 805 734 quando
831 663 912 712 eum
940 639 1110 714 sanavit?
1136 639 1219 714 Solo
1245 643 1356 716 verbo
1382 642 1443 717 hie

350 751 525 836 purgatus
544 749 579 813 et
606 765 714 814 sanus
740 743 853 816 faetus
870 751 937 816 est.
962 744 1059 838 Ergo
1082 743 1142 840 qui
1159 746 1271 821 verba
1294 743 1445 844 profert,

233 937 238 943 ,
344 842 452 936 juxta
478 843 621 916 illerum
647 845 859 921 sententiam
885 848 1071 920 sabbatum
1090 845 1197 922 solvit
1216 846 1372 940 ¹.-Sene‚
1389 847 1444 920 (ᾗ.

351 944 413 1017 eis.
446 947 498 1018 At
515 947 545 1018 si
562 948 629 1020 hoo
646 947 697 1020 ita
715 956 780 1040 est,
798 949 878 1044 quis
890 949 965 1044 jam
983 949 1098 1046 magis
1117 951 1304 1028 sabbatum
1320 949 1442 1044 solvit,

353 1047 509 1120 salvator
528 1057 661 1141 noster,
679 1051 741 1146 qui
759 1051 908 1144 sanavit,
926 1076 973 1124 en
990 1051 1055 1145 illi,
1073 1052 1135 1148 qui
1151 1052 1261 1126 locuti
1287 1059 1373 1128 sunt
1395 1077 1444 1126 ex

352 1148 488 1234 invidia
504 1159 628 1226 eontra
645 1177 748 1228 suum
767 1155 1057 1228 benefactorem?

460 1253 562 1341 Quod
580 1255 651 1326 ait:
671 1257 1080 1354 Omnesquiante
1108 1265 1447 1350 meveneruut,i

353 1355 485 1430 fures
505 1365 705 1430 erantet
731 1359 1447 1456 10110110011011.10,8),(10’1110010

352 1465 387 1528 et
404 1457 500 1538 Juda
517 1459 608 1532 dixit
620 1459 649 1532 ².

674 1771 908 1844 C‘APUT
950 1774 1121 1848 XVII.

456 2081 512 2162 Et
549 2081 616 2152 ibi
657 2086 758 2164 erat
798 2088 1026 2176 aegrotus
1059 2083 1270 2178 quidam,
1305 2085 1460 2162 Lesa·

352 2207 431 2255 rus
468 2205 630 2254 nomen
666 2188 768 2254 erat
796 2183 861 2274 ei,
889 2189 933 2254 et
971 2185 1205 2258 miserunt
1250 2207 1444 2267 sorores

354 2285 454 2381 ejus
481 2286 535 2357 ad
563 2283 816 2377 Dominum,
835 2284 1077 2363 dieentes:
1101 2288 1306 2382 Domine,
1325 2311 1443 2383 eece,

353 2411 484 2484 quem
522 2411 666 2480 amaa,
703 2396 930 2483 aegrotus
961 2389 1007 2464 in
1042 2389 1167 2464 leoto
1202 2393 1446 2471 decumbit

351 2491 602 2586 (10111111).
632 2489 809 2586 Compara
829 2493 906 2588 jam
932 2495 1043 2566 verba
1058 2494 1298 2572 vivificatoris
1325 2503 1361 2568 et
1389 2495 1445 2572 in-

345 2593 495 2688 tellige,
531 2593 704 2690 quomodo
741 2593 834 2670 inter
869 2619 906 2668 se
944 2595 1169 2672 conveniant.
1205 2599 1265 2674 Ad
1300 2619 1444 2674 eaeeum

352 2695 467 2770 dixit:
488 2698 599 2770 “Non
616 2696 722 2792 hujus
741 2703 796 2770 est
808 2705 1004 2794 peceatum,
1023 2722 1089 2771 nee
1107 2708 1337 2796 cognatorum
1354 2703 1446 2798 ejus,

353 2799 416 2871 sed
433 2805 473 2872 ut
499 2799 704 2873 revelentur
731 2823 840 2896 opera
857 2801 926 2872 Dei
952 2803 990 2878 iu
1016 2802 1085 2876 isto
1102 2841 1117 2876 a
1132 2802 1171 2896 5;
1199 2809 1235 2876 01
1252 2802 1297 2878 de
1319 2806 1444 2882 morbo

353 2901 719 2978 Lazaridixitzflio
745 2906 932 2980 morbus
959 2927 1048 2977 non
1074 2914 1146 2978 est
1165 2905 1441 2996 adurentem,

353 3006 433 3078 sed
461 3013 660 3102 propter
688 3006 889 3100 gloriam
915 3005 1021 3099 Dei,
1047 3015 1097 3080 ut
1132 3007 1475 3110 glorificetur-

280 3134 282 3138 ·
351 3109 399 3182 in
427 3132 476 3182 eo
502 3107 658 3182 Filius
684 3107 779 3182 Dei.
807 3109 979 3206 Dixitque
1007 3110 1052 3182 ad
1074 3111 1444 3208 discipuloereni·

351 3222 408 3304 te,
435 3235 589 3285 eamus
617 3211 661 3282 in
680 3213 704 3284 J
713 3212 914 3290 udaeam.
943 3213 1177 3308 Respondent
1196 3215 1444 3294 eizdudaei

352 3325 396 3386 te
423 3321 660 3410 quaerunt
690 3315 922 3408 oaeidere,
951 3321 996 3392 et
1034 3317 1289 3392 tu-iterum
1321 3317 1442 3393 illue

350 3417 484 3490 abis?
507 3416 606 3488 used
624 3416 685 3490 ubi
703 3415 843 3492 dolores
868 3425 961 3510 sunt,
980 3419 1040 3511 ait,
1058 3418 1144 3498 illue.
1169 3420 1315 3497 festinat
1331 3421 1445 3498 medi·-

298 3578 300 3584 .
351 3543 425 3592 eus.
444 3519 503 3591 Ad
522 3517 739 3612 lapidatores
757 3518 859 3612 vado,
877 3526 914 3592 at
931 3543 976 3592 ex
994 3521 1253 3618 lapidatoribus
1276 3524 1364 3601 fient
1389 3532 1443 3598 te·

351 3629 435 3696 stes.
455 3620 572 3714 Multi,
593 3619 653 3713 ait,
674 3621 723 3694 ibi
741 3621 970 3698 erediderunt
985 3623 1027 3696 -in
1044 3648 1127 3698 eum
1144 3667 1162 3702 a
1176 3627 1202 3698 l.

455 3725 619 3814 Nonne
648 3725 893 3798 duodecim
919 3727 1066 3804 horae
1094 3738 1202 3808 sunt
1228 3729 1354 3804 diei?
1394 3730 1442 3806 Si

351 3827 456 3924 quis
482 3827 529 3898 in
568 3827 672 3900 luee
700 3829 927 3921 ambulat,
954 3853 1043 3903 non
1071 3831 1297 3927 offendit,
1321 3831 1441 3928 'quie

408 4128 413 4141 ι
430 4051 455 4104 1.
478 4047 525 4106 Sie
539 4049 569 4106 in
584 4048 650 4107 eod.
664 4048 699 4105 Β.
714 4048 750 4110 In
766 4049 832 4108 eod.
846 4049 875 4108 A
889 4047 966 4108 falso
981 4047 1101 4126 signnm
1116 4048 1372 4128 interrogationis
1386 4047 1442 4106 im·-

348 4128 610 4263 posegmcefostffi
626 4205 682 4262 Ar.
710 4205 737 4279 5,
753 4207 852 4263 36-37.

427 4288 455 4340 3.
477 4284 561 4341 Iesu.
576 4287 604 4358 9,
619 4287 647 4340 3.
661 4308 671 4322 *
1368 4356 1369 4360 ἵ

427 4365 453 4417 4.
475 4361 599 4420 Scilicet
612 4361 846 4458 postLazarum
859 4360 1092 4424 resuscitatum.
1109 4361 1155 4426 Of·
1170 4363 1256 4426 lom.
1272 4361 1319 4436 11,
1331 4359 1379 4418 45.
