3344 5200
1263 402 1333 474 237

245 537 412 634 restituit,
434 540 517 636 quia
535 540 712 614 defectum
730 540 891 640 justitiae
910 561 975 636 per
995 559 1106 634 opera
1131 529 1330 606 misericor-

156 699 166 712 .
244 638 351 712 diae¹
371 644 760 740 complevit.·Attamen
783 643 857 736 ille,
875 644 975 740 cujus
1001 639 1098 716 auris
1125 637 1330 727 sanabatur,

242 742 362 817 odium
380 769 445 842 pro
472 747 643 820 charitate
660 747 859 822 mercedem
881 739 984 818 'dedit
993 768 1066 841 pro
1085 763 1150 815 sua
1176 738 1330 812 sanatio-

241 867 297 916 ne.
324 847 373 919 Et
389 849 450 944 qui
477 849 514 922 in
540 857 673 922 terram
698 849 871 946 prostrati
897 856 933 920 et
954 848 1088 921 virtute
1115 844 1191 940 ejus
1218 839 1329 914 erecti

241 956 335 1041 sunt,
352 951 496 1024 vincula
512 975 579 1048 pro
604 961 757 1050 accepto'
774 951 910 1025 auxilio
930 950 963 1022 ei
988 947 1232 1022 reddiderunt.
1259 943 1329 1016 Li-

242 1061 477 1143 gaverunt
503 1078 613 1146 eum,
640 1055 701 1149 ait,
728 1061 773 1128 et
799 1054 1114 1126 deduxerunt.
1435 1135 1437 1143 ,

341 1155 514 1254 Princeps
541 1157 796 1254 discipulorum
830 1157 983 1229 afflictus
1009 1161 1066 1226 est
1091 1159 1128 1226 et
1159 1155 1329 1244 tentatus,

238 1265 279 1326 ut
295 1258 454 1333 medicus
472 1260 574 1334 tieret
588 1260 870 1335 vulneratorum.
888 1259 928 1333 Si
948 1257 1099 1330 firrsitan
1125 1263 1330 1358 transgres

239 1381 337 1433 sores
355 1361 517 1457 puderet,
530 1371 577 1436 ⁴ut
602 1363 856 1461 poenitentiam
883 1367 1044 1458 agerent,
1061 1358 1236 1434 Dominus
1262 1379 1330 1453 per

239 1463 419 1536 Simonem
446 1473 748 1563 transgressorem
767 1491 827 1540 eos
845 1467 1055 1538 exhortatus
1073 1469 1139 1556 est,
1157 1468 1198 1533 ut
1223 1461 1269 1533 ad
1288 1483 1328 1532 se

239 1566 415 1661 venirent,
433 1570 495 1664 qui
512 1569 676 1643 omnibus
693 1567 1038 1664 transgressionibus
1057 1564 1220 1666 superior
1237 1571 1292 1636 est
1301 1559 1328 1638 ².

240 1669 354 1742 Nocte
381 1673 528 1764 negavit
554 1672 688 1766 Simon,
714 1672 801 1744 die5
819 1679 937 1744 autem
968 1669 1148 1742 confessus
1175 1674 1241 1740 est.
1268 1667 1328 1740 Ad

241 1795 374 1866 prunas
392 1775 549 1869 negarit,
568 1775 612 1846 ad
631 1799 765 1871 prunas
783 1775 966 1848 confessus
985 1779 1049 1846 est.
1076 1771 1149 1845 Ubi
1171 1771 1329 1864 negavit,

243 1881 341 1948 terra
353 1875 455 1949 testis
470 1885 558 1971 erat,
570 1875 632 1952 ubi
645 1877 826 1952 confessus
840 1885 905 1971 est,
918 1900 1015 1949 mare
1030 1881 1067 1949 et
1082 1879 1189 1966 terra,
1203 1896 1331 1945 unum-

241 1977 405 2074 quodque
416 1979 523 2076 juxta
537 2004 637 2053 suam
656 1988 831 2074 naturam,
845 1980 946 2054 testis
964 1977 1087 2052 adfuit.
1101 1977 1194 2065 Quia
1206 1976 1333 2070 lingua

241 2103 306 2151 sua
322 2083 502 2157 aberravit
519 2090 556 2156 et
580 2085 735 2179 negarit,
754 2083 831 2180 ipse
850 2083 990 2180 sejugo
1016 2081 1183 2184 submisit
1203 2086 1239 2151 et
1263 2081 1331 2152 hu-

240 2185 356 2256 meros
375 2207 457 2258 suos
474 2187 570 2258 cruci
587 2187 747 2282 tradidit,
762 2187 813 2258 ita
830 2194 871 2260 ut
888 2195 924 2258 et
943 2185 1097 2284 supplex
1115 2189 1271 2278 rogaret,
1288 2187 1331 2254 ut

240 2285 357 2382 ipsum
375 2288 489 2385 capite
508 2289 651 2362 inverso
668 2290 706 2361 in
724 2313 863 2362 erucem
886 2293 1046 2385 agerent.

347 2392 522 2464 Amodo
549 2392 784 2466 ridebitis
810 2416 892 2466 vos
926 2391 1085 2465 filium
1115 2387 1331 2482 hominis,

246 2494 366 2586 quod
393 2495 599 2566 venitin
624 2497 832 2570 nubibus
867 2494 1046 2566 lucidis
1073 2515 1169 2563 cum
1196 2513 1331 2584 ange·

244 2593 306 2667 lis
336 2595 586 2670 coelorum.
616 2596 743 2669 Tunc
770 2621 970 2670 summus
1000 2594 1221 2668 sacerdos
1248 2618 1332 2666 ma·
1385 2595 1388 2602 '

242 2717 344 2770 num
371 2697 425 2770 ud
460 2721 567 2772 oras
594 2700 874 2773 vestimenti
909 2699 1041 2771 misit
1077 2704 1122 2770 et
1155 2696 1331 2770 lacera·
1449 2711 1451 2716 “

240 2800 311 2872 vit
344 2801 512 2875 stolam
540 2826 675 2891 suam,
702 2802 787 2899 quia
812 2803 1008 2898 urgebatur
1033 2800 1070 2874 vi
1095 2801 1180 2872 novi
1214 2798 1330 2872 sinii.

232 2903 312 2976 'Sed
330 2911 367 2975 et
394 2903 460 2976 hoc
478 2905 639 2998 dicimus,
657 2905 752 3000 quod
770 2907 898 2999 omnia,
916 2927 1006 2999 quae
1034 2903 1133 2976 Deus
1159 2923 1224 2998 per
1241 2903 1333 2976 Uni-

242 3007 402 3100 genitum
430 3031 533 3078 suum
559 3008 717 3080 facturus
745 3016 834 3102 erat,
851 3009 889 3080 in
906 3009 1013 3080 rebus
1039 3004 1174 3104 creatis:
1197 3005 1333 3103 praesi-

241 3109 366 3202 gnavit
383 3116 419 3180 et
443 3111 592 3205 insuper
610 3112 648 3182 in
666 3111 754 3183 viris
775 3111 883 3208 justis
911 3108 1177 3206 praefigurarit.
1205 3108 1331 3180 Mense

241 3212 361 3284 Areoh
375 3211 401 3304 ³,
419 3213 525 3286 flores
545 3214 643 3286 sinus
663 3237 745 3286 suos
766 3221 934 3311 rumpunt
960 3221 996 3285 et
1022 3209 1267 3306 egrediuntur,
1286 3211 1332 3282 si-

241 3314 417 3410 nibusque
445 3316 519 3389 suis
545 3317 651 3390 nudis
670 3323 706 3388 et
731 3316 896 3390 inanibus
922 3315 1057 3389 relictis
1083 3315 1153 3412 ipsi
1181 3313 1332 3386 aliorum

241 3439 370 3490 corona
386 3419 485 3491 fiunt.
504 3416 563 3494 Sic
580 3441 720 3517 quoque
738 3443 862 3492 mense
883 3420 1004 3492 Arech
1031 3440 1190 3490 summus
1217 3439 1333 3489 sacer-

243 3519 306 3592 dos
326 3521 562 3596 sacerdotium
580 3547 681 3596 suum
701 3523 836 3620 dirupit
854 3531 890 3595 et
907 3523 1043 3595 nudum
1061 3527 1097 3593 et
1114 3521 1220 3594 inane
1247 3518 1332 3592 reli·

244 3624 332 3716 quit,
343 3630 379 3694 et
392 3626 628 3698 sacerdotium
642 3626 784 3699 transiit
798 3633 834 3698 et
846 3627 884 3698 in
893 3625 1078 3698 Salvatore
1091 3629 1214 3696 nostro
1227 3622 1335 3696 colla-

236 3731 317 3816 tum
338 3735 402 3798 est.
420 3728 585 3802 Christus
604 3753 666 3801 ora
693 3753 816 3802 eorum
842 3729 926 3803 fecit
943 3731 1198 3818 obmutescere,
1217 3731 1255 3797 at
1279 3723 1335 3797 illi

244 3834 367 3900 contra
392 3853 473 3901 eum
508 3831 698 3904 tumultum
727 3839 763 3904 et
789 3834 931 3904 turbam
965 3831 1109 3903 testium
1146 3833 1335 3902 auxerunt.

325 4080 352 4136 1.
372 4077 422 4135 lta
435 4079 466 4135 in
478 4079 705 4140 eod.B.Inood.
716 4081 758 4140 A:
772 4096 785 4126 α
797 4070 1013 4139 misericordia
1027 4093 1120 4152 opere
1136 4073 1333 4150 complevitjn.

324 4157 352 4213 2.
373 4157 399 4213 Ι.
415 4175 442 4214 e.
457 4157 528 4233 quia
542 4159 643 4218 omnia
657 4157 770 4218 delicta
784 4157 938 4218 dimittere
952 4160 1065 4234 potest.

323 4236 351 4292 3.
372 4233 418 4292 Of.
430 4235 516 4294 Iosrr.
528 4240 577 4309 21,
591 4240 673 4295 4-10.

234 4374 237 4379 ,
323 4314 352 4370 4.
373 4313 471 4371 Msrn.
485 4319 514 4386 9,
531 4318 577 4374 17.

323 4392 352 4448 5.
376 4393 508 4451 “Mense
523 4393 633 4457 Martio
647 4424 660 4460 a
677 4393 771 4454 vertit
795 4393 930 4467 tucher,
944 4395 979 4454 ut
993 4390 1078 4454 etad
1097 4386 1265 4466 marginem
1285 4401 1335 4448 eo·

246 4468 319 4528 dicis
334 4471 359 4528 B
373 4471 552 4530 adnotatum
565 4476 623 4532 est.
