3268 5220
916 751 934 825 I

643 997 958 1050 olurusssaon
1000 998 1199 1048 ruamur,

485 1171 699 1306 Tatianrim,
725 1214 897 1286 famosum
925 1212 1057 1288 saeculi
1084 1213 1230 1286 secundi
1255 1217 1335 1310 post
1362 1209 1469 1285 Obri-

382 1334 475 1400 stum
493 1330 787 1424 haeresiarcham,
806 1356 852 1404 ex
866 1339 1017 1429 quatuor
1034 1330 1241 1427 Evangeliis
1258 1353 1366 1402 unum
1384 1353 1470 1401 con-

281 1452 284 1460 '
381 1445 518 1542 fecisse,
544 1451 600 1521 cui
626 1473 754 1522 nomen
781 1451 878 1523 dedit
906 1451 1170 1523 “Diatessaron
1189 1491 1217 1542 a,
1244 1471 1308 1520 seu
1335 1452 1372 1518 τὸ
1401 1443 1464 1518 aa

381 1571 547 1669 τεσσάρων
576 1571 798 1668 Eocpps'hoa,
817 1576 944 1644 testem
962 1567 1170 1668 primarium
1193 1555 1286 1664 apud
1310 1563 1468 1637 Graecos

361 1684 553 1776 ,habemus
580 1689 832 1764 Eusebium
859 1688 1243 1778 Gaesareensem,
1262 1683 1323 1780 qui
1349 1683 1386 1755 in
1411 1682 1465 1754 hi-

382 1805 492 1877 storia
510 1797 748 1880 ecclesiastica
775 1831 849 1902 cap.
869 1808 902 1899 4,
924 1806 1073 1880 achaeo
1098 1805 1230 1878 refert:
1262 1800 1467 1873 “Tatianus

382 1924 670 2018 compositionem
689 1932 724 1996 et
742 1923 996 2017 collectionem,
1013 1922 1132 1996 nescio
1150 1919 1335 2018 quomodo,
1348 1919 1468 1992 Evau-

382 2040 557 2134 geliorum
602 2044 804 2134 contexuit,
838 2066 945 2138 quam
980 2041 1210 2114 Diatessaron
1259 2037 1465 2110 nominavit.

381 2156 483 2244 Quod
502 2181 590 2254 opus
609 2183 630 2230 a
648 2159 859 2255 quibusdam
877 2159 1067 2230 etiamnum
1093 2158 1245 2230 habetur
1263 2195 1291 2230 a.
1317 2156 1465 2239 Eusebij

380 2273 621 2350 testimonium
656 2277 841 2350 confirmat
875 2275 1176 2373 Epiphanius
1201 2275 1239 2345 in
1273 2297 1383 2370 opere
1420 2275 1466 2346 de

379 2390 584 2467 haeresibus
604 2397 677 2491 (46,
699 2398 745 2489 1),
764 2395 831 2467 hoc
848 2419 957 2467 unum
985 2395 1194 2492 adjungens,
1213 2391 1354 2466 Tatiani
1380 2392 1467 2464 Dia·

380 2513 542 2584 tessaron
560 2538 581 2586 a
598 2511 779 2585 nonnullis
798 2511 1035 2608 Evangelium
1063 2513 1255 2585 secundum
1280 2511 1464 2584 Hebraeos

345 2620 348 2627 ’
380 2636 621 2726 nuncupatum
648 2651 738 2702 esse.

482 2751 561 2822 Hoc
587 2750 728 2822 Tatiani
746 2769 844 2846 :opus
871 2749 1210 2839 Theodoretus,
1236 2743 1324 2841 Cyri
1350 2766 1464 2841 prope

378 2866 587 2964 Euphraten
603 2871 800 2967 episcopus,
819 2870 857 2942 in
874 2891 981 2964 opera
996 2867 1040 2939 de
1059 2866 1187 2940 fabulis
1203 2863 1463 2938 haereticorum

379 2985 429 3078 (1,
452 2986 512 3078 20)
536 2986 680 3059 uberius
708 2985 877 3060 describit
903 2984 1046 3056 dicens:
1068 2981 1271 3056 “Tatianus
1296 2980 1464 3076 Evange-

380 3099 480 3194 lium,
506 3103 600 3198 quod
614 3104 844 3176 Diatessaron
870 3101 1011 3195 dicitur,
1039 3099 1246 3198 composuit,
1272 3101 1464 3198 amputatis

380 3219 598 3314 genealogiis
618 3227 653 3290 et
670 3220 750 3292 aliis
767 3207 941 3314 omnibus,
959 3243 1048 3318 quae
1075 3219 1266 3291 Dominum
1287 3241 1333 3292 ex
1360 3219 1464 3291 semi·

380 3361 425 3409 ne
444 3337 561 3411 David
580 3339 773 3440 secundum
793 3361 935 3414 carnem
952 3347 1074 3412 natum
1093 3337 1294 3411 ostendunt
1311 3336 1389 3425 Quo
1406 3337 1463 3411 usi

380 3463 463 3526 sunt
481 3479 552 3528 non
570 3455 684 3549 modo,
703 3455 764 3551 qui
783 3457 860 3552 ejus
878 3464 983 3530 erant
1000 3463 1128 3550 sectae,
1142 3455 1205 3529 sed
1221 3455 1248 3527 ii
1265 3455 1384 3550 etiam,
1401 3455 1464 3554 qui

276 3659 278 3664 .
378 3573 585 3670 Apostolioa
611 3573 777 3672 dogmata
803 3578 1053 3671 sequebantur,
1081 3572 1343 3670 compositionis
1369 3573 1464 3646 frau-

379 3692 459 3764 dem
486 3717 556 3764 non
583 3702 847 3788 cognoscentes,
865 3695 928 3768 sed
955 3693 1149 3790 simplicius
1175 3701 1343 3787 tanquam
1367 3714 1462 3763 com-

378 3811 561 3906 pendiario
581 3811 673 3885 libro
691 3819 842 3884 utentes.
871 3815 1006 3886 Nactus
1034 3835 1112 3885 sum
1130 3811 1237 3883 ctiam
1255 3810 1333 3906 ipse
1351 3810 1462 3885 libros

377 3929 580 4025 hujusmodi
599 3953 707 4026 supra
724 3931 905 4024 ducentos,
924 3930 961 4002 in
978 3930 1110 4004 honore
1138 3927 1277 4002 habitos
1294 3928 1331 4001 in
1351 3929 1462 4003 eccle·

378 4048 442 4121 siis
459 4050 602 4144 nostris,
629 4069 716 4146 quos
745 4073 866 4122 omnes
891 4050 928 4122 in
954 4073 1064 4123 unum
1089 4054 1275 4143 congestos
1306 4049 1459 4145 seposui,

379 4177 414 4240 et
440 4193 504 4266 pro
534 4169 767 4266 his-quatuor
798 4169 1107 4266 Evangelistarum
1136 4167 1321 4263 evangelia
1350 4168 1460 4244 intro-

376 4287 463 4360 duxi
481 4327 509 4362 rr.
620 4305 625 4324 ¹

388 4469 393 4477 .
479 4406 612 4501 Apud
647 4407 789 4500 Syros
834 4405 949 4502 prima
993 4407 1036 4478 de
1073 4405 1279 4498 Diatessaro
1318 4405 1459 4490 Tatiani
