3268 5220
1188 458 1226 506 xl

42 539 44 602 7
154 567 348 639 memoriam
366 566 515 662 adjecit:
542 590 556 624 4
571 567 696 641 (116116
713 572 749 639 et
767 569 959 664 gratiarum
984 566 1075 640 actio
1102 563 1146 636 Ei
1164 565 1225 661 qui

154 691 202 757 est
217 685 353 756 initium
372 691 408 758 et
434 685 525 780 finis,
544 689 588 760 ab
614 686 739 759 humili
761 687 925 779 Nersete,
943 685 1003 782 qui
1029 682 1226 758 elaboravit
1267 739 1270 746 .

42 803 43 844 l
153 803 344 899 hocopus,
370 826 463 876 anno
491 804 560 876 644
575 844 602 879 η.
631 804 727 878 Casu
752 805 896 878 fortuito
922 805 1050 878 factum
1083 809 1157 894 est,
1184 806 1224 874 ut
1263 880 1269 908 Ἰ

154 923 246 992 ambo
265 920 413 1015 codices,
431 922 559 1018 quibus
577 923 642 995 hoo
660 946 748 1020 opus
767 946 794 996 s.
808 919 1000 1020 Ephraemi
1021 920 1123 994 nobis
1141 941 1223 990 corr-

151 1043 318 1132 servatpm
338 1039 403 1136 est',
426 1041 547 1114 eodem
570 1063 662 1115 anno
691 1043 761 1113 644
777 1045 1026 1136 Armenorum,
1044 1040 1110 1114 16.
1131 1038 1226 1110 1195

150 1164 222 1254 post
239 1157 425 1234 Christum
444 1162 489 1234 ad
507 1162 613 1236 finem
631 1163 921 1260 perducerentur.

241 1277 455 1352 Armeniaca
471 1281 589 1354 versio
615 1280 720 1379 hujus
739 1277 994 1352 Commentarii
1015 1301 1043 1351 s.
1065 1275 1226 1374 Ephrae-
1349 1357 1351 1365 ¹

147 1393 199 1490 mi,
220 1419 311 1490 quae
328 1397 366 1468 in
383 1398 438 1472 his
457 1399 593 1473 duobus
620 1398 797 1472 codicibus
824 1397 1036 1489 continetur,
1054 1401 1129 1468 tota
1155 1393 1226 1490 spi-

147 1521 199 1586 rat
226 1515 472 1612 antiquitatem
507 1515 692 1592 literarum
723 1516 1026 1609 Armeniacarum,
1044 1523 1081 1588 et
1092 1511 1228 1612 judicio

151 1631 324 1704 doctorum
355 1633 502 1708 Patrum
534 1633 869 1729 Mechitaristarnm,
898 1657 1048 1732 quorum
1085 1635 1226 1705 senten-

151 1749 229 1821 tiam
246 1751 435 1848 exquisivi,
453 1754 498 1826 ad
516 1761 667 1828 aetatem
685 1742 926 1851 Interpretum
944 1753 967 1825 i.
982 1776 1011 1825 e.
1035 1753 1080 1825 ad
1104 1771 1225 1825 saecu·

149 1869 214 1941 lum
228 1871 390 1966 quintum
407 1874 593 1947 referenda
610 1881 674 1948 est.
692 1875 876 1972 Interpres
893 1875 1073 1948 Armenus
1086 1877 1224 1946 textum

131 1987 326 2082 ‘Syriacum
353 2015 482 2088 magna
508 2016 593 2065 cura
619 1995 767 2066 verbum
794 2016 839 2066 ex
867 1994 976 2066 verbo
1003 1990 1225 2088 expressisse

149 2105 294 2200 videtur,
315 2110 409 2182 unde
437 2111 569 2184 multae
590 2111 869 2186 constructiones
895 2110 1072 2208 Syriacae,
1100 2107 1163 2181 sed
1189 2113 1226 2180 et

150 2249 270 2321 magna
288 2229 482 2302 obscuritas
499 2229 663 2326 plurimis
686 2229 724 2301 in
741 2229 829 2302 locis
847 2235 1095 2327 provenerunt.

247 2345 458 2420 Versionem
475 2347 639 2420 Latinam
656 2348 761 2445 hujus
779 2347 984 2422 Armeniaci
1002 2345 1119 2443 operis
1136 2345 1225 2416 Rev.

153 2459 254 2536 Pater
283 2465 436 2538 Ioannes
469 2465 572 2563 Bapt.
600 2468 744 2540 Aucher
771 2468 814 2540 de
841 2467 956 2540 literis
987 2468 1225 2539 Armenorum

42 2607 43 2630 ¹
148 2581 230 2652 bene
248 2584 395 2658 meritus
413 2581 599 2682 (11854)
616 2587 815 2660 6111161841
835 2585 1046 2681 confoditis
1067 2607 1137 2680 qua
1153 2605 1225 2654 non

149 2704 212 2772 tam
244 2725 406 2799 sensum,
434 2729 538 2801 quam
569 2708 678 2780 verba
712 2713 843 2779 textus.
863 2703 1066 2780 Armeniaci
1104 2703 1224 2776 verbis

148 2817 277 2894 Latinis
304 2822 469 2896 reddidit.
497 2823 597 2896 Haec
624 2825 741 2898 versio
769 2848 848 2896 cum
875 2823 1031 2921 pretioso
1059 2821 1175 2893 codice
1197 2842 1224 2891 s.

42 2949 43 2956 ’
149 2936 302 3012 Nersetis
321 2965 342 3012 a
370 2941 413 3012 R.
433 2941 477 3014 R.
499 2940 667 3017 Patribus
694 2941 947 3015 Mechitaristis
971 2941 1222 3014 monasteriis.

148 3053 267 3130 Lazari
287 3058 483 3133 liberaliter
509 3062 590 3135 usui
616 3087 694 3136 meo
720 3062 849 3136 tradita
869 3068 934 3156 est,
952 3063 1051 3160 cujus
1077 3060 1224 3134 admini-

149 3175 217 3248 culo
234 3177 363 3270 versio,
382 3203 470 3276 quae
489 3181 526 3253 in
551 3181 617 3254 hoc
642 3182 737 3254 libro·
760 3181 913 3278 legenda
938 3179 1095 3272 offertur,
1118 3177 1224 3248 confi-

150 3295 311 3372 ciebatur.
332 3299 437 3372 Haud
456 3323 513 3372 me
531 3299 634 3394 fugit,
651 3300 815 3372 Latinam
832 3300 923 3372 hano
945 3296 1142 3370 versionem
1161 3318 1225 3392 pu-

42 3401 43 3448 l
150 3435 183 3484 ro
201 3439 362 3490 sermone
387 3441 491 3514 saepe
519 3440 639 3492 carere
666 3425 702 3490 61
726 3417 857 3491 multas
884 3416 1161 3490 constructiones
1180 3415 1224 3487 ab

42 3539 44 3626 ζ
151 3531 258 3609 indole
283 3537 389 3635 hujus
416 3536 559 3632 linguae
578 3537 770 3632 discedere,
795 3537 857 3610 sed
889 3544 1009 3610 textus
1040 3535 1225 3630 originalis

43 3729 44 3732 ,
154 3655 252 3752 verba
270 3662 306 3726 et
334 3655 589 3728 sententiarum
615 3679 721 3728 neum
745 3655 945 3752 exprimere
970 3653 1091 3746 malui,
1110 3675 1226 3748 quam,

43 3759 44 3830 Ῐ
152 3765 199 3842 his
212 3773 396 3868 neglectis,
411 3774 560 3846 Latinae
575 3774 743 3846 orationis
756 3775 908 3853 nitorem
923 3775 1059 3848 sectari.
1073 3776 1155 3850 Non
1168 3797 1225 3846 me

153 3885 240 3984 latet,
258 3891 389 3966 multos
407 3892 503 3966 locos
522 3893 560 3965 in
577 3893 642 3965 hoc
660 3917 766 3990 opere
785 3893 889 3967 valde
907 3895 1073 3968 obscuros
1092 3915 1170 3966 esse
1190 3897 1226 3964 et

43 4007 44 4010 ’
154 4025 285 4081 sensum
304 4009 508 4106 ambiguum
528 4013 711 4106 praebere,
730 4010 792 4082 sed
810 3997 936 4084 ethos·
953 4009 1058 4083 aliter
1075 4009 1224 4082 reddere

42 4137 44 4144 ⁴
153 4143 332 4222 eorumque
351 4129 616 4225 ambiguitatem
635 4152 654 4201 e
682 4127 797 4205 medio
816 4131 941 4204 tollere
963 4129 1073 4223 nolui,
1090 4136 1131 4201 ut
1155 4128 1224 4201 sal-

153 4244 215 4313 tem
231 4247 420 4344 vestigium
447 4271 571 4322 sensus
591 4273 617 4321 s.
640 4249 834 4345 Ephraemi
859 4249 1129 4346 relinqueretur,
1155 4273 1224 4346 quo

154 4353 319 4460 interpres
359 4369 519 4464 sagacior
550 4369 595 4442 ad
625 4367 694 4440 loci
725 4368 998 4465 intelligentiam
1037 4365 1228 4464 pervenire¹

155 4489 271 4568 posset.
302 4485 437 4561 Multae
469 4489 573 4585 hujus
604 4487 721 4586 operis
753 4487 978 4562 difficultates
1010 4485 1087 4561 sine
1118 4483 1223 4558 dubio
