3344 5200
360 407 427 477 190

358 533 441 606 liter
467 532 608 607 liberati
636 537 672 606 et
689 532 762 606 vivi
789 531 922 607 servati
950 540 1043 626 sunt,
1061 534 1122 630 qui
1149 529 1383 630 corporaliter
1411 532 1448 604 id
1481 605 1485 614 ,

358 637 598 732 intuebantur,
616 637 668 708 ita
694 634 802 709 affixo
829 657 976 731 corpore
1004 635 1140 710 Christi
1167 635 1211 707 de
1230 657 1335 707 cruce
1362 657 1449 730 pen·
1476 647 1483 652 “

359 739 477 810 dentis
509 739 639 811 salvati
667 738 804 831 vivunt,
830 738 892 832 qui
923 737 1108 811 credentes
1141 762 1223 810 eum
1253 737 1449 810 intuentur.

359 839 430 912 Per
447 841 660 936 passionem,
679 864 785 938 quarn
808 863 956 936 serpens
976 863 1023 912 cx
1040 847 1170 915 natura
1187 863 1252 912 sua
1268 863 1340 912 non
1356 839 1450 935 pati·

358 950 429 1034 tur,
447 942 646 1038 indicatum
658 951 724 1038 est,
738 943 897 1016 incruce
915 962 1104 1039 passurum
1122 964 1201 1016 esse
1220 965 1300 1014 eum
1319 942 1381 1038 qui
1400 965 1447 1016 ex

360 1051 490 1118 natura
506 1070 572 1119 111
588 1071 661 1119 non
678 1045 837 1119 moritur.

467 1149 520 1220 In
553 1150 714 1246 judice
754 1148 838 1220 hoc
877 1155 1130 1244 peccatore
1161 1147 1347 1242 (Luclb,
1372 1147 1449 1240 1-8)

359 1257 493 1346 quanta
521 1259 598 1324 erat
627 1250 796 1348 iniquitas
815 1249 1153 1328 11111111111111111
1174 1251 1212 1322 in
1233 1249 1354 1346 judice
1380 1250 1449 1322 hoc

354 1353 454 1448 justo
481 1361 615 1450 quanta
639 1353 882 1427 misericordia
898 1361 935 1426 et
946 1351 1117 1448 justitia?
1135 1354 1179 1428 In
1198 1375 1263 1424 111
1278 1351 1448 1446 iniquita·

360 1461 396 1526 te
422 1455 539 1528 noluit
554 1457 683 1529 viduae
702 1457 764 1551 jus
782 1456 963 1532 dicereet
988 1458 1033 1528 ob
1061 1477 1162 1528 suam
1188 1454 1450 1549 malignitatem

256 1568 260 1576 '
359 1558 476 1631 noluit
493 1559 526 1631 ei
543 1581 734 1654 procurare
755 1559 920 1654 quietern.
937 1558 1086 1631 Justitia
1097 1581 1184 1631 vero
1201 1557 1271 1630 Dei
1290 1556 1358 1630 soit
1375 1555 1451 1630 exi·
1479 1601 1484 1605 —

362 1684 448 1755 gere
466 1669 503 1732 et
518 1661 762 1735 misericordia
779 1662 856 1755 ejus
873 1661 973 1734 novit
986 1660 1166 1734 vivificare
1184 1666 1221 1732 11
1237 1659 1450 1732 refocillare.

394 1829 396 1834 ,
425 1823 427 1830 .
465 1764 648 1860 Injustitia
664 1787 750 1859 ergo
768 1764 866 1836 illius
878 1763 1012 1859 judicis
1027 1770 1082 1836 est
1099 1763 1277 1836 contraria
1289 1763 1452 1859 justitiae

362 1865 434 1960 Dei
450 1872 486 1938 et
515 1868 653 1940 malitia
682 1867 780 1939 illins
812 1890 933 1940 amara
963 1865 1059 1938 dulci
1088 1865 1352 1940 misericordiae
1382 1865 1461 1938 Deiv

362 1971 582 2043 contradicit.
600 1970 649 2042 Et
667 1969 758 2042 dura
774 1977 852 2042 erat
869 1969 968 2041 illius
986 1968 1142 2065 injustia,
1156 1969 1240 2064 quia
1257 1992 1366 2042 11111
1385 1977 1453 2063 111,

361 2093 384 2142 a
404 2073 531 2152 timore
548 2073 618 2144 Dei
635 2073 796 2166 deficere,
815 2079 851 2143 et
867 2095 998 2166 magna
1024 2078 1101 2144 erat
1123 2071 1199 2166 ejus
1225 2072 1453 2167 protervitas,

362 2175 447 2266 quia
462 2175 625 2247 homines
655 2175 815 2248 revereri
844 2175 1112 2269 aspernabatur.
1143 2175 1244 2246 Dura
1274 2179 1358 2246 sunt
1382 2174 1454 2246 ista

362 2275 445 2370 duo,
464 2277 527 2348 sed
543 2284 734 2371 utrumque
752 2276 923 2349 orationis
948 2276 1120 2348 instantia
1146 2276 1339 2373 superavit.
1358 2277 1453 2350 Nam

364 2385 402 2452 et
413 2379 636 2475 injustitiam,
653 2402 744 2474 quae
766 2379 883 2452 aDeo
906 2378 1094 2472 defecerat,
1116 2387 1153 2452 11
1172 2378 1454 2478 protervitatem,

362 2505 454 2576 quae
471 2481 509 2554 in
526 2481 687 2554 homines
710 2481 949 2579 superbiebat,
967 2488 1154 2579 utromque
1177 2481 1348 2556 instantia
1375 2507 1454 2555 mu·

361 2582 460 2658 lieris
478 2585 587 2678 fregit
618 2591 654 2656 et
684 2585 729 2658 ad
759 2583 1096 2675 suamvoluntatem
1127 2585 1240 2682 flexit,
1257 2590 1298 2658 ut
1329 2591 1454 2659 contra

260 2686 263 2690 ’
362 2685 607 2760 adversarium
624 2687 693 2783 ipsi
718 2687 778 2784 jus
795 2688 940 2760 diceret.
972 2687 1174 2782 Utrumque
1193 2710 1332 2761 ramum
1358 2711 1454 2761 ama-

361 2813 442 2861 rum
458 2791 596 2863 instans
613 2789 727 2862 oratio
745 2791 907 2884 mutavit,
921 2796 962 2862 ut
980 2790 1012 2860 ei
1027 2790 1150 2862 dulces
1168 2791 1306 2864 fructus
1323 2791 1452 2866 darent

326 2955 331 2964 .
362 2915 462 2965 asna
474 2900 602 2966 natura
618 2893 769 2966 alienos.
791 2893 890 2987 Ergo
901 2892 1076 2990 judicium
1088 2894 1227 2989 justum
1245 2899 1281 2965 et
1298 2893 1452 2968 retribu-

362 2993 496 3068 tionem
504 2997 639 3092 justam
655 2996 717 3068 illc
728 2996 855 3092 juder,
869 2995 1007 3068 malitia
1018 3019 1083 3068 111
1099 3019 1170 3068 non
1184 2997 1363 3090 obstante,
1376 3019 1454 3068 mn·
1484 3065 1487 3070 ,

364 3096 444 3170 lieri
463 3099 635 3194 spoliatae
653 3098 845 3196 praestitit,
868 3105 905 3171 et
921 3099 1080 3194 requiem
1098 3097 1196 3172 dedit
1221 3099 1373 3172 miserae
1392 3121 1454 3196 cp-

361 3223 517 3296 pressae.
537 3202 795 3275 Verumtamen
811 3201 987 3297 injustitia
1004 3199 1118 3273 nescit
1138 3201 1236 3298 juste
1259 3200 1455 3296 vindicare,

363 3309 403 3375 et
417 3304 553 3377 malitia
570 3305 687 3400 impar
705 3312 761 3378 est
776 3303 1017 3378 refocillando.
1036 3303 1076 3376 Si
1094 3327 1180 3399 ergo
1197 3305 1286 3377 haec
1298 3303 1368 3378 duo
1381 3329 1455 3378 ma·

310 3421 322 3432 *
362 3404 401 3478 11
415 3409 543 3482 acerba
568 3429 804 3504 perseverans
829 3407 942 3480 oratio
968 3407 1007 3505 in
1032 3407 1216 3502 angustias
1246 3406 1398 3504 redegit,
1414 3414 1456 3480 ut

362 3507 434 3604 ipsi
453 3509 580 3581 darent
596 3509 750 3581 fructum
762 3512 892 3583 bonum
909 3517 945 3581 11
958 3515 1107 3583 naturae
1126 3533 1211 3582 suae
1226 3511 1455 3604 contrarium,

363 3616 496 3706 quanto
514 3611 630 3706 magis
648 3634 714 3683 nos
732 3611 975 3708 exaudiemur,
994 3611 1024 3684 ‘si
1049 3619 1323 3708 perseverantes
1347 3613 1455 3688 miae-

361 3713 536 3794 ricordiae
555 3720 591 3786 11
610 3713 774 3812 justitiae
792 3714 861 3786 Dei
878 3715 951 3788 vim
979 3714 1172 3788 inferamus
1186 3714 1214 3811 ²,
1231 3723 1272 3790 ut
1300 3716 1455 3790 fructum

361 3822 511 3888 naturae
531 3839 615 3890 suae
634 3823 909 3891 consentaneum
930 3817 1032 3892 nobis
1050 3818 1281 3914 praestanti.
1296 3843 1327 3894 e.
1345 3826 1386 3892 ut
1396 3821 1455 3916 jn-

361 3919 460 3993 stitia
476 3941 541 3992 nos
558 3919 713 3997 vindicet
732 3927 769 3994 11
786 3921 1029 3995 misericordia
1053 3943 1119 3994 nos
1137 3921 1352 4016 consoletur,
1370 3921 1455 4020 quia

355 4017 453 4119 juste
468 4021 666 4096 retribuere
679 4023 847 4122 injuriam
860 4025 1089 4122 patientibus,
1104 4025 1267 4100 fructus³
1281 4030 1337 4100 est
1347 4024 1455 4122 justi-

445 4222 473 4276 1.
494 4221 558 4280 Aut
574 4224 665 4282 11],1,
681 4223 745 4284 aine
762 4225 854 4286 dubio
869 4245 926 4304 pro
941 4230 973 4288 11
984 4261 1002 4293 n,
1015 4230 1146 4308 positum
1160 4235 1218 4290 est.
1324 4289 1329 4295 .
1400 4281 1404 4287 -

362 4298 483 4434 data&
485 4313 506 4432 1111
519 4300 605 4436 Itlaec
620 4306 652 4362 et
665 4305 830 4379 sequentes
846 4305 950 4365 111111
966 4311 1138 4368 sententiae
1154 4327 1195 4370 ex
1216 4309 1283 4369 cod.
1301 4310 1327 4368 B
1351 4325 1454 4367 emen·

506 4396 526 4435 n
542 4420 549 4435 .

439 4456 467 4510 3.
488 4455 622 4517 Fructus
636 4459 665 4516 h.
680 4458 700 4517 l.
715 4458 859 4520 effectum
882 4466 1011 4524 naturae
1032 4465 1267 4556 convenientem
1291 4461 1454 4542 significat.
