3344 5200
365 425 435 494 208

367 553 442 648 ejus
470 549 571 646 pueri
604 549 809 624 innocentes
837 573 986 622 coronae
1016 547 1191 645 passionis
1220 549 1296 642 ejus
1333 545 1459 620 inserti

365 661 464 752 sunt,
478 654 600 726 Infans
618 654 770 726 Ioannes
789 654 826 724 in
844 659 946 728 utero
963 652 1089 726 matris
1108 660 1189 723 ante
1209 672 1290 721 eum
1317 651 1457 722 exulta-

365 758 429 847 vit,
449 764 485 829 et
510 757 663 828 infantes
680 757 719 827 in
744 757 930 828 nativitate
959 758 1035 852 ejus
1063 753 1169 826 occisi
1187 760 1223 825 et
1241 755 1343 848 quasi
1365 776 1457 827 uvae

365 861 518 950 convivii
545 861 620 955 ejus
638 859 810 954 nuptialis
837 860 921 932 facti
948 867 1041 932 sunt.
1060 855 1198 930 Iterum
1224 857 1328 952 pueri
1351 857 1459 930 eiac-

365 963 567 1036 clamabant
583 961 877 1056 benedictionem,
892 987 1001 1058 quum
1019 961 1064 1033 ad
1078 968 1220 1056 tempus
1238 960 1357 1032 natale
1372 981 1458 1033 suae

364 1067 489 1138 mortis
507 1063 731 1162 pervenisset
746 1065 770 1137 ¹.
790 1064 1011 1139 Conturbata
1027 1069 1083 1136 est
1098 1065 1184 1137 urbs
1202 1063 1401 1136 Ierusalem
1419 1063 1457 1136 in

365 1169 550 1242 nativitate
579 1168 665 1263 ejus,
688 1176 728 1239 ut
754 1175 791 1240 et
815 1170 957 1241 turbata
984 1174 1020 1239 et
1045 1167 1190 1251 anxiata
1216 1173 1271 1238 cst
1296 1167 1360 1239 illo
1386 1167 1457 1259 die,

367 1295 437 1366 quo
456 1273 493 1342 in
506 1295 584 1343 eam
602 1271 758 1343 intravit.
777 1271 896 1361 Quum
913 1271 1058 1344 Scribae
1072 1269 1245 1341 clamores
1262 1292 1456 1366 puerorum

369 1375 553 1446 audissent
579 1381 615 1446 et
646 1397 753 1469 aegre
783 1373 938 1448 ferentes
971 1374 1005 1445 ei
1035 1372 1237 1444 dixissent:
1256 1373 1462 1492 Increpa

369 1477 593 1571 homines,
633 1477 893 1551 utomnino
935 1483 1143 1567 taceant,
1184 1476 1487 1572 respondrtzv

266 1597 270 1604 ·
372 1579 565 1652 sSiisti
604 1582 844 1670 tacebunt,
872 1587 1026 1653 tamen
1065 1578 1257 1676 lapides
1297 1579 1461 1652 clama·

369 1685 484 1754 bunt
498 1719 525 1757 a.
552 1683 616 1756 Illi
640 1683 750 1776 igitur
777 1685 1035 1780 praetulerunt,
1057 1689 1098 1754 ut
1122 1683 1226 1778 pueri
1255 1683 1462 1779 clamarent,

370 1807 447 1858 non
459 1785 609 1882 lapides,
627 1810 672 1858 nc
690 1787 781 1859 forte
808 1787 983 1859 clamante
1000 1792 1130 1858 natura
1155 1785 1314 1881 lapidum
1337 1788 1463 1858 obcae-

372 1889 444 1960 cati
457 1890 720 1986 resipiscerent.
738 1890 997 1966 Verumtamen
1014 1888 1073 1960 bic
1090 1889 1223 1961 clamor
1240 1889 1400 1986 lapidum
1418 1891 1464 1962 ad

368 1991 530 2064 eundem.
549 1993 655 2064 finem
672 1992 825 2089 tempori
844 1992 1084 2066 crucifixionis
1103 1994 1179 2088 ejus
1202 1994 1465 2086 reservabatur,

370 2117 441 2188 quo
461 2096 658 2168 tacentibus
676 2094 819 2191 loquela
835 2096 1007 2191 praeditis
1025 2119 1083 2168 res
1102 2102 1221 2166 mutae
1247 2095 1464 2189 magnitudi-

372 2203 454 2268 nem
473 2197 619 2269 Domini
636 2198 898 2292 praedicarunt.
946 2275 957 2284 ,-

476 2300 607 2372 Nunc
644 2299 877 2395 judicium
905 2309 988 2375 est
1033 2299 1211 2394 mundi,
1256 2323 1375 2375 nuno
1419 2311 1464 2376 et

369 2403 608 2499 ‘prin-ceps·
628 2403 771 2499 hujus·
796 2403 960 2478 mundi
980 2404 1181 2499 ejicitur
1202 2405 1331 2494 foras
1350 2409 1463 2502 (loun.

376 2509 433 2594 12,
450 2507 521 2600 31).
543 2507 630 2578 Non
647 2507 833 2605 princeps·
860 2529 980 2580 rerum
1016 2516 1215 2582 creatarum
1242 2514 1278 2578 et
1305 2511 1465 2582 omnium

372 2609 566 2700 hominum,
585 2609 648 2680 sed
666 2610 832 2707 princeps
850 2610 973 2683 mundi
990 2618 1146 2688 vocatur.
1167 2610 1260 2698 Quia
1281 2611 1381 2687 fores
1402 2612 1466 2710 eji-

373 2711 476 2806 citur,
494 2719 603 2808 patet,
622 2714 716 2807 quod
741 2737 813 2785 non
840 2720 895 2786 est
922 2715 1120 2788 substantia
1145 2720 1292 2789 aeterua
1309 2721 1346 2788 et
1371 2715 1466 2813 quod

374 2821 550 2909 potestate
569 2821 675 2888 caret.
690 2815 874 2904 Quomodo
896 2817 989 2889 foras
1002 2819 1134 2914 ejectus
1153 2816 1210 2909 sit,
1224 2816 1377 2894 Ioannes
1404 2837 1467 2892 ex*-

374 2919 484 3014 pli‘cat
498 2943 513 2988 :¹
531 2940 546 2974 α
563 2919 666 3011 Ecce,
685 2918 746 3013 ait,
764 2943 878 3014 agnus
897 2919 976 3012 Dei,
995 2921 1057 3015 qui
1083 2920 1178 2992 tollit
1195 2927 1341 3015 peccata
1365 2944 1467 2994 mun·

373 3021 443 3095 dt„
460 3021 486 3093 2.
505 3021 682 3117 Princeps
700 3029 819 3094 autem
836 3029 994 3114 vocatur,
1013 3023 1067 3095 uti
1093 3023 1246 3095 dicitur:
1268 3046 1284 3082 o
1301 3024 1362 3097 Dii
1381 3047 1467 3120 gen·

374 3124 464 3196 tium
491 3145 562 3196 non
588 3133 672 3197 sunt
690 3125 741 3197 dii
758 3123 816 3218 „a'
833 3134 893 3198 et:
915 3127 1030 3198 “Non
1057 3133 1112 3200 est
1131 3125 1236 3198 'vobis
1263 3126 1466 3200 colluctatio

375 3235 411 3300 et
429 3251 551 3326 pugna
567 3250 646 3300 cum
665 3251 770 3302 carne
790 3235 826 3300 et
844 3229 1028 3324 sanguine,
1049 3231 1112 3302 sed
1131 3251 1211 3301 cum
1228 3230 1467 3326 potestatibus

375 3338 507 3402 etcum
527 3330 785 3428 principatibus
813 3339 849 3404 et
867 3355 946 3404 oum
964 3332 1242 3405 dominatoribus
1269 3341 1394 3406 terrae·
1413 3341 1469 3406 tc·

377 3437 569 3506 nebrarum
600 3435 738 3527 harum,
758 3434 820 3531 qui
838 3442 921 3507 sunt
948 3438 1013 3508 sub
1031 3436 1129 3508 coelo
1147 3475 1162 3510 a
1179 3433 1213 3530 ‘¹3
1232 3443 1268 3508 ct
1284 3443 1325 3508 nt
1356 3437 1466 3517 dicit:

380 3535 576 3623 «Quorum
607 3543 763 3608 mentem
782 3538 869 3608 deus
894 3538 1001 3634 hujus
1031 3539 1156 3611 mundi
1187 3539 1471 3634 obcaecavitsne

377 3638 598 3711 crederent„
616 3637 642 3710 ⁵.
660 3639 797 3712 Eodem
818 3663 924 3712 sensu
943 3641 1095 3733 dicitur:
1117 3641 1322 3740 sPrinceps
1344 3642 1468 3728 mundi
1486 3637 1497 3658 ‘

377 3740 517 3837 ejicitur
534 3741 635 3815 foras
648 3781 675 3817 n.
695 3743 739 3814 In
758 3742 828 3816 alio
842 3764 981 3840 quoque
998 3745 1081 3817 loco
1095 3743 1229 3818 dictum
1247 3752 1320 3818 est:
1342 3768 1357 3803 s
1375 3745 1471 3834 Quo-

459 4021 486 4075 1.
508 4017 556 4076 Ad
569 4005 718 4078 verbum:
734 4021 888 4096 Quum-ad
902 3986 1022 4098 tempus
1044 4021 1215 4082 nativitatis
1240 4035 1316 4078 suae
1343 4018 1471 4078 occisio·

378 4097 424 4188 nis
457 4097 660 4231 pertvenisset.
688 4099 842 4160 Nativitas
879 4100 992 4160 Christi
1024 4118 1079 4178 per
1115 4103 1246 4160 mortem
1280 4097 1468 4158 resurrectio

379 4191 448 4252 ejus
469 4192 526 4232 cs.

457 4255 485 4310 2.
507 4253 592 4312 Iorn.
606 4256 632 4330 1,
648 4259 697 4314 29.

381 4347 385 4355 ·
420 4350 424 4356 ·
457 4333 485 4386 3.
508 4331 554 4389 Ol.
570 4333 680 4392 Psnnn.
695 4335 743 4408 95,
757 4337 785 4392 5.

457 4411 485 4465 4.
506 4409 615 4469 Ernns.
630 4416 658 4484 6,
675 4415 721 4471 12.

456 4487 485 4543 5.
507 4487 540 4544 Il
551 4489 625 4548 Oos·
640 4494 668 4564 4,
684 4496 712 4548 4.
