3268 5220
29 6 392 372 ἯΨΜΗ.
422 11 446 30 .,
520 15 523 26 .

160 515 257 612 quod
275 539 400 612 preces
417 517 600 610 rogabant,
626 515 720 586 omni
741 515 824 611 jure
841 514 983 611 loquela
1000 516 1033 586 ei
1050 514 1168 588 ablata
1185 523 1250 610 est,

159 619 220 692 cui
237 619 432 716 sapientiae
448 641 572 691 sensus
590 618 774 712 defecerat.
789 618 958 706 Quamvis
970 618 1085 691 Deum
1100 619 1251 716 supplici

160 723 320 796 oratione
346 723 572 820 implorasset
589 729 625 794 et
641 722 718 819 ipsa
743 722 900 794 oratione
918 721 1125 794 testificatus
1144 730 1250 816 esset,

160 827 357 899 orationem
382 850 486 923 posse
505 849 630 922 rogare
649 833 685 897 et
701 825 817 898 Deum
834 825 930 918 dare,
955 833 1085 918 tamen,
1111 826 1250 922 quando

164 954 275 1027 prope
290 938 378 1024 erat,
396 937 436 1002 ut
453 930 489 1002 id
502 930 596 1025 quod
608 931 766 1025 rogabat,
784 929 1002 1025 impleretur,
1016 929 1125 1002 dixit:
1140 929 1250 1018 Quo-

164 1034 294 1106 modo
322 1040 482 1131 potest
507 1033 575 1105 ita
599 1033 746 1106 fieri?
772 1033 898 1128 ltaque
916 1033 1047 1104 factum
1065 1039 1130 1127 est,
1157 1034 1250 1128 quod

163 1137 240 1210 fieri
267 1137 393 1233 noluit,
419 1138 502 1233 quia
518 1137 698 1234 rejecerat,
725 1136 819 1233 quod
841 1137 918 1210 fieri
935 1135 1047 1210 voluit
1062 1135 1086 1208 ⁴.
1113 1136 1252 1210 Accidit

165 1239 199 1311 ei
210 1240 357 1337 aliquid,
370 1241 463 1338 quod
476 1265 656 1336 nunquam
675 1247 844 1337 expertus
862 1248 948 1333 erat,
967 1239 1051 1336 quia
1067 1239 1253 1337 imperitus

165 1345 331 1417 inventus
350 1353 405 1417 est
423 1345 497 1441 ejus
516 1345 609 1440 quod
622 1344 698 1440 jam
715 1344 777 1416 diu
793 1351 949 1418 noverat.
969 1343 1142 1432 Quoniam
1160 1344 1253 1444 quod

166 1447 260 1521 labia
286 1452 445 1541 orabant,
463 1471 566 1520 aures
585 1449 660 1544 ejus
686 1471 758 1520 non
784 1447 981 1539 audierunt,
1009 1447 1149 1520 exaruit
1163 1447 1252 1542 fons,

166 1552 259 1624 unde
280 1555 392 1626 verba
407 1551 606 1650 prodibant,
623 1557 663 1624 ut
679 1558 802 1648 potum
821 1575 923 1625 suum
937 1551 1081 1626 auribus
1100 1551 1252 1648 amplius

172 1678 241 1727 non
259 1656 526 1729 transmitteret.

269 1759 350 1848 Qua
375 1768 492 1832 autem
517 1761 665 1854 ratione,
691 1759 752 1858 qui
778 1759 921 1856 proprio
952 1759 1075 1834 auditu
1100 1759 1252 1834 fructum

167 1885 236 1934 non
253 1863 414 1960 protulit,
431 1887 495 1960 per
511 1863 662 1937 aliorum
675 1863 834 1936 auditum
847 1863 998 1936 fructum
1016 1865 1173 1961 prolerre
1190 1887 1252 1960 po-

154 1967 288 2038 terat?
313 1967 493 2040 Nimirum
509 1965 696 2040 Zacharias
721 1967 828 2059 viros,
846 1967 907 2062 qui
932 1967 1024 2040 fflios
1050 1991 1121 2040 non
1145 1967 1252 2041 habe-

166 2071 260 2163 bant,
280 2071 444 2168 exemplo
470 2071 664 2161 Abrahami
682 2071 793 2168 patris
820 2095 941 2144 eormn
963 2071 1191 2164 confortabat,
1217 2078 1254 2143 et

124 2175 128 2179 ’
167 2173 346 2267 mulieres,
363 2199 453 2270 quae
471 2174 592 2248 liberis
610 2177 786 2267 carebant,
817 2174 981 2270 exemplo
1004 2175 1112 2248 Sarae
1129 2173 1252 2247 matris

168 2293 289 2350 aarum
315 2279 571 2374 consolabatur,
598 2279 702 2352 sicuti
727 2277 825 2352 Deus
852 2285 887 2350 et
913 2277 1030 2374 ipsum
1052 2285 1088 2352 et
1104 2295 1263 2351 uxorem

170 2405 269 2454 suam
296 2382 453 2479 ejusdem
479 2382 655 2454 cumillis
682 2382 892 2454 conditionis
909 2381 1050 2456 fecerat.
1071 2381 1253 2457 Abraham

170 2485 263 2557 enim
291 2492 327 2558 et
354 2486 441 2559 Sara
466 2486 541 2558 loco
568 2494 755 2584 parentum
782 2493 883 2558 erant
909 2485 1041 2582 eisqui
1066 2485 1104 2558 in
1130 2485 1253 2558 eadem

171 2591 404 2662 versabantur
418 2589 627 2684 calamitate,
646 2598 682 2662 et
699 2597 877 2686 tamquam
891 2589 1077 2690 ,speculum
1091 2589 1253 2664 omnibus

168 2691 371 2788 hujusmodi
390 2692 529 2765 afflictis
555 2697 841 2791 proponebantur
868 2701 904 2766 et
930 2693 1023 2766 oculi
1042 2693 1200 2767 virorum
1218 2699 1254 2765 et

169 2795 359 2868 mulierum
376 2795 458 2868 filiis
476 2797 670 2870 e'arentium
697 2804 733 2870 et
754 2797 927 2870 sterilium
945 2797 990 2869 ad
1008 2819 1068 2868 eos
1086 2819 1254 2892 respexe-

169 2907 262 2993 runt,
280 2906 321 2972 ut
338 2906 374 2972 et
390 2900 460 2996 ipsi
477 2901 750 2974 consolationem
771 2901 982 2998 acciperent,
1010 2899 1100 2972 sieut
1117 2898 1172 2970 illi
1189 2921 1254 2995 per

170 3002 281 3096 Isaac,
300 3003 361 3099 qui
377 3011 457 3100 post
474 3005 667 3101 nonaginta
687 3027 814 3078 novem
839 3027 950 3077 annos
967 3003 1006 3076 in
1025 3009 1127 3076 utero
1145 3002 1253 3075 Sarae

168 3105 339 3180 formatus
365 3113 428 3179 est.
455 3107 642 3182 Zacharias
676 3109 918 3182 Abrahamum
947 3114 1086 3204 patrem
1111 3105 1254 3202 quidem

172 3233 274 3282 suum
301 3214 489 3308 reputabat
513 3219 658 3309 propter
684 3213 800 3306 fidem,
827 3211 889 3284 sed
907 3213 951 3285 ab
973 3233 1013 3284 eo
1041 3209 1254 3284 disentiebat

171 3320 317 3410 propter
336 3322 552 3388 senectutem
562 3314 588 3388 ².
607 3317 731 3412 ltaque
753 3316 836 3412 quia
862 3316 906 3387 de
925 3338 966 3387 eo
987 3313 1172 3407 dubitavit,
1192 3313 1253 3410 qui

169 3423 332 3492 naturam
358 3426 495 3492 mutare
521 3427 649 3517 potest,
675 3444 784 3516 quum
808 3419 906 3515 loqui
930 3419 1051 3512 vellet,
1076 3417 1253 3514 loquendo

167 3519 282 3618 impar
299 3522 376 3617 fuit,
395 3530 435 3595 ut
452 3547 533 3595 eum
550 3525 612 3620 qui
628 3524 784 3596 omnium
799 3524 907 3596 habet
922 3523 1127 3620 potentiam,
1145 3545 1254 3617 agno-

169 3633 291 3699 sceret.
310 3627 379 3716 Qui
397 3651 468 3698 non
486 3628 608 3721 credit,
628 3628 729 3722 signo
747 3650 835 3723 opus
851 3627 968 3720 habet,
986 3651 1050 3724 per
1068 3624 1162 3722 quod
1179 3648 1254 3698 cre·

170 3728 239 3801 dat.
263 3731 399 3804 Idcirco
416 3737 562 3828 propter
584 3731 837 3806 dubitationem
852 3730 959 3803 animi
987 3731 1040 3803 ori
1065 3727 1254 3802 Zachariae

168 3831 308 3927 signum
335 3834 514 3931 imposuit,
539 3842 580 3906 ut
604 3833 833 3932 intelligeret,
860 3858 940 3927 eum
966 3834 1026 3930 qui
1050 3833 1254 3930 loquentem

167 3942 329 4010 naturam
347 3945 479 4011 mutam
492 3939 586 4032 facit,
604 3946 744 4012 uterum
766 3961 904 4034 qnoque
923 3944 1121 4011 emortuum
1139 3935 1253 4011 vivifi·

247 4263 274 4318 1.
295 4261 381 4320 Haec
396 4263 616 4322 sententiarum
631 4263 738 4324 divisio
749 4265 844 4342 juxta
858 4259 926 4321 eod.
940 4261 965 4318 B
979 4264 1037 4319 est.

247 4341 275 4398 2.
296 4341 346 4399 Ita
359 4341 398 4400 ad
412 4340 550 4402 verbnm.
564 4343 677 4402 Sensus
692 4360 762 4402 esse
776 4342 917 4402 videtur:
935 4338 1145 4399 Dissentiebat
1158 4335 1196 4394 ab
1212 4352 1249 4395 eo

167 4416 1251 4499 propterseneotutem‚qnaeimpedimentumproliseividebatur,quum

168 4497 360 4558 Abrabamus
373 4517 471 4559 senex
483 4500 576 4576 prolis
591 4519 664 4562 snae
678 4502 909 4580 promissionem
925 4498 1074 4558 crederet.
