3344 5200
370 372 438 447 262

475 502 628 580 Brachia
658 503 776 602 Moysi
808 503 906 578 Deus
935 503 1050 577 tenuit
1078 525 1249 602 expansa,
1267 499 1379 576 donee
1404 502 1469 576 ho-

273 601 275 608 ‘
373 611 446 680 stes
482 607 558 703 ejus
594 609 805 682 cecidissent
845 615 880 680 et
915 608 1115 705 periissent.
1156 606 1286 681 Manus
1326 629 1468 704 quoque

372 708 458 783 Filii
475 710 544 783 Dei
562 711 600 783 in
625 712 736 809 liguo·
752 711 866 786 er'uois
883 714 907 786 J
909 712 1014 784 udaei
1032 709 1282 784 distenderunt
1297 735 1305 803 ;
1324 717 1361 782 st
1383 708 1469 805 quis

372 811 412 884 hi
439 813 472 884 ei
497 812 657 888 feserunt
683 815 860 888 contraria
889 815 975 907 illis,
1002 836 1092 909 quae
1121 836 1208 908 erge
1234 836 1295 886 eos
1321 813 1466 906 fecerat,

373 913 426 988 eis
455 939 596 1013 quoque
625 918 729 1011 feeit,
759 941 850 1014 quae
882 917 1046 992 manibus
1079 916 1152 988 suis
1187 913 1347 988 extensis
1385 937 1469 986 eon·

373 1019 485 1092 traria
515 1029 639 1114 erent,
659 1019 863 1094 oeciderunt
884 1022 990 1113 enim,
1021 1027 1058 1091 et
1089 1018 1244 1116 amplius
1278 1040 1350 1091 non
1381 1025 1467 1118 sunt

371 1120 496 1195 erecti.
516 1123 690 1197 Similiter
708 1131 846 1218 gentes,
863 1147 954 1220 quae
981 1124 1019 1195 in
1046 1145 1172 1194 manus
1191 1123 1268 1218 ejus
1296 1126 1468 1194 extensas

373 1225 613 1316 erediderunt,
632 1227 715 1322 qnia
744 1228 1027 1324 experimentum
1054 1223 1253 1299 mandetis
1274 1223 1402 1318 Moyse
1420 1222 1465 1294 de

375 1327 426 1399 eis
446 1327 628 1402 constituti
646 1329 698 1402 eis
716 1331 933 1424 ostenderat,
951 1328 988 1401 id
1005 1327 1177 1420 fecerunt,
1190 1327 1286 1424 quod
1303 1326 1355 1398 eis
1374 1348 1466 1421 quae

374 1439 502 1525 gentes
519 1431 603 1504 illae
633 1433 774 1529 priores
797 1432 966 1525 fecerant,
985 1429 1201 1502 eontrarium
1220 1437 1310 1523 eret,
1331 1435 1368 1501 et
1384 1428 1466 1502 ideo

375 1533 482 1608 etiarn
500 1537 716 1609 eontrarium
734 1536 786 1608 eis
805 1536 955 1631 contigit
971 1535 995 1606 ¹.
1022 1531 1176 1605 Mortem
1204 1538 1323 1606 autem
1349 1531 1465 1604 crusis

373 1637 492 1728 subiit,
510 1645 550 1710 ut
568 1639 778 1736 impleretur
792 1642 961 1713 verbum:
982 1636 1110 1711 “Siout
1127 1635 1205 1708 ovis
1219 1635 1263 1708 sd
1281 1634 1468 1708 mactatio·

374 1763 455 1812 nem
470 1747 506 1812 et
520 1742 611 1814 siout
625 1766 739 1839 eguus
758 1750 840 1815 onte
859 1737 1038 1815 'tonsorem
1049 1738 1099 1814 22².
1117 1738 1224 1812 Prius
1243 1738 1334 1812 mori
1352 1744 1389 1810 et
1401 1760 1465 1834 po·

369 1847 449 1915 'stes
466 1844 576 1939 tondi,
603 1844 747 1918 diffieile
775 1853 830 1918 est
854 1843 977 1918 videre
1005 1843 1043 1916 in
1069 1841 1194 1915 ordine
1220 1836 1464 1934 naturaesed

371 1945 438 2018 hoe
454 1943 587 2020 dietum
606 1956 670 2041 est,
690 1949 774 2044 quis
791 1947 959 2022 Christus
976 1946 1090 2044 primo
1108 1945 1397 2042 permundatum
1416 1967 1463 2016 ex

374 2072 434 2120 ore
474 2050 606 2144 judicis
637 2073 782 2146 egresso
827 2051 975 2142 occisus,
1007 2057 1043 2122 et
1077 2047 1225 2145 posthae
1255 2047 1293 2120 in
1323 2067 1465 2120 orueem

372 2158 473 2223 'aetus
492 2157 557 2244 est,
576 2153 613 2225 in
630 2178 701 2249 qua
718 2161 889 2226 extensus
908 2177 1015 2252 super
1037 2158 1169 2224 terram
1189 2157 1329 2224 erectus
1347 2151 1481 2223 stabat'

375 2261 412 2325 et
430 2251 558 2326 similis
576 2262 653 2328 erat
671 2255 729 2329 ovi
746 2263 828 2328 ante
846 2255 1063 2329 tondentem.
1091 2253 1285 2327 Praeterea
1302 2258 1464 2326 mortuus

373 2363 428 2430 est
454 2357 551 2428 oruoi
579 2358 720 2452 affixus,
742 2381 812 2453 quo
829 2382 956 2432 ereans
983 2357 1261 2454 significabatur,
1276 2379 1343 2454 per
1363 2379 1464 2428 rnor-
1498 2433 1504 2436 ,
1655 2435 1656 2444 χ

247 2499 256 2519 ι
371 2465 443 2532 tem
462 2461 538 2556 ejus
558 2483 680 2534 omnes
699 2469 856 2535 mortuos
875 2461 966 2557 erigi
984 2469 1020 2532 et
1046 2483 1247 2556 resurgere,
1265 2459 1349 2556 qnia
1373 2458 1463 2555 ipse,

373 2562 543 2658 quamdiu
571 2564 608 2636 in
635 2585 738 2637 ‘eruce
772 2573 869 2657 eret,
896 2565 934 2636 in
959 2585 1063 2639 eruce
1090 2569 1229 2638 ereetus
1256 2564 1391 2655 stabat,
1417 2562 1468 2634 ad

370 2665 485 2738 instar
517 2665 646 2763 lapidis
677 2667 826 2764 pretiosi
857 2669 894 2740 in
923 2674 1065 2764 pectore
1089 2665 1227 2744 ‚summi
1257 2663 1492 2742 sacerdotis·

371 2768 626 2865 lerosolymam
663 2771 785 2843 dieunt
816 2771 853 2843 in
884 2770 1002 2843 medio
1041 2777 1159 2842 terrae
1191 2791 1272 2842 esse
1315 2774 1464 2864 propter
1654 2845 1655 2848 ,

369 2871 486 2946 Deum
506 2874 657 2969 justum,
676 2874 759 2970 quia
776 2874 894 2970 legem
913 2873 963 2946 ibi
981 2872 1089 2965 dedit,
1108 2873 1208 2970 eujus
1231 2869 1324 2944 radii
1341 2869 1463 2947 emissi

369 2997 493 3048 omnes
519 2977 609 3049 fines
636 2984 752 3050 terroe
780 2977 1034 3050 illuminarent.
1052 2975 1100 3048 Et
1126 2974 1210 3072 quis
1220 2973 1364 3072 justitia
1385 2974 1463 3074 ejus

368 3077 417 3150 ibi
445 3086 540 3174 eret,
568 3079 675 3152 etiam
710 3080 953 3154 misericordia
983 3080 1060 3175 ejus
1091 3101 1231 3154 erucem
1263 3077 1395 3150 ibidem
1427 3099 1463 3150 θα
1546 3143 1548 3146 ,

367 3181 482 3276 rexit,
509 3191 549 3256 ut
583 3183 729 3256 brachia
757 3184 893 3258 snaed
923 3205 1046 3255 omnes
1085 3189 1208 3278 partes
1243 3179 1469 3277 expenderet

369 3291 405 3356 et
424 3287 561 3359 animes
579 3295 615 3360 et
634 3287 780 3383 spiritus
807 3285 965 3359 universi
991 3284 1087 3358 orbis
1116 3284 1299 3382 exciperet
1314 3290 1352 3360 et
1369 3305 1463 3382 eom,-
1653 3353 1654 3396 ἢ

366 3387 594 3484 plecteretur
1449 3389 1450 3394 ’

470 3491 634 3564 Mortuus
654 3499 708 3563 est
725 3491 830 3565 Iesus·
842 3492 984 3586 mundo,
1000 3516 1045 3565 ne
1064 3493 1144 3588 quis
1162 3492 1293 3566 mundo
1308 3491 1462 3578 viveret,

450 3741 484 3804 1„
496 3738 610 3796 Sensus
625 3739 716 3816 hujus
730 3741 790 3801 loci
805 3745 870 3800 est:
885 3742 969 3800 Deus
988 3739 1114 3799 brechia
1137 3740 1238 3816 Moysi
1258 3757 1396 3816 expansa
1413 3744 1458 3796 te·

365 3815 441 3889 nuit,
457 3819 490 3872 ut
503 3817 609 3876 hostes
623 3819 747 3877 Israelis
762 3819 983 3895 perderentur,
998 3819 1161 3879 Israelitae
1186 3818 1312 3876 brachia
1341 3817 1457 3874 Christi

365 3894 580 3967 extenderunt,
596 3901 630 3953 ut
643 3897 740 3972 ipsum
756 3898 931 3974 perderent,
945 3899 1015 3957 ideo
1030 3897 1166 3956 extensis
1186 3896 1303 3956 Christi
1322 3895 1458 3954 brachiis

363 3992 424 4034 non
439 3975 574 4050 suseepti
589 3979 620 4032 et
638 3976 758 4049 salvati,
785 3976 840 4036 sed
864 3975 1023 4053 reprobati
1046 3980 1126 4034 sunt.
1147 3978 1178 4019 -‘-
1201 3976 1317 4034 Gentes
1343 3978 1455 4046 sutem,

362 4052 546 4131 perterritae
570 4052 814 4128 permundatum
830 4056 1055 4131 extirpationiS,
1070 4073 1088 4112 e
1102 4055 1208 4130 Moyse
1224 4053 1262 4112 de
1283 4051 1327 4112 eis
1343 4051 1456 4110 eonsti-

362 4136 472 4206 tutum,
487 4149 548 4189 non
563 4137 596 4190 ut
619 4131 663 4189 illi
686 4133 876 4192 Amaleeitee
899 4134 1048 4192 Israelem
1070 4148 1215 4207 agressos
1239 4136 1320 4206 sunt,
1347 4128 1402 4188 sed
1427 4132 1456 4188 in

362 4209 516 4271 Christum
540 4210 746 4284 erediderunt,
759 4211 889 4287 ideoque
905 4231 959 4288 per
973 4229 1080 4270 munus
1103 4215 1250 4270 extensos
1265 4207 1380 4270 Christi
1395 4209 1455 4268 sal·

361 4291 451 4350 vates
477 4293 557 4363 sunt',
585 4307 676 4364 quum
700 4289 891 4349 Amsleeitae
923 4290 1060 4350 infideles
1095 4308 1150 4366 per
1177 4307 1283 4350 manus
1309 4292 1456 4346 extensus

360 4366 458 4444 Moysi
480 4367 646 4442 perierunt.

344 4445 346 4448 ’
437 4448 465 4503 2.
489 4446 530 4502 Ie.
545 4447 592 4518 53,
609 4448 642 4521 73
656 4446 797 4504 Aonhr.
813 4449 840 4518 8,
857 4450 907 4505 32.
