3330 5200
1254 417 1324 491 147

305 541 449 637 vQuis
488 549 737 644 praecepit
777 549 887 640 tibi,
927 545 1104 619 tollere
1145 545 1321 622 lectum

227 658 354 724 tunm
382 676 522 750 super
549 651 618 723 te?
633 651 725 739 Quia
742 651 797 723 illi
815 649 1026 724 miraculum
1049 650 1246 724 sanationis
1264 673 1322 724 oc·

230 756 368 827 cultore
386 763 423 827 et
438 755 567 845 virum,
586 754 648 850 qui
664 753 796 827 lectum
822 761 1039 850 susceperat,
1057 755 1323 850 reprehendere

230 858 408 952 volebant,
420 859 478 931 hic
495 864 618 954 aperte
636 859 858 931 sanationem
876 881 976 929 suam
993 856 1225 952 praedicavit,
1242 857 1322 930 illo-

230 985 379 1056 rumque
415 961 701 1034 incredulitatem
724 960 942 1058 vituperavit
960 964 996 1030 et
1014 960 1219 1032 confutavit.
1238 961 1323 1034 Non

229 1065 282 1136 eis
300 1064 404 1158 dixit,
421 1064 516 1160 quod
534 1063 657 1136 audire
669 1065 849 1157 uolebant,
864 1063 926 1134 sed
943 1061 1038 1157 quod
1056 1061 1201 1136 credere
1221 1087 1323 1138 aver·

230 1169 411 1241 sabantur.
451 1169 498 1239 Is
537 1167 615 1262 qui
655 1193 720 1239 me
761 1165 973 1256 sanavit,
1014 1163 1139 1236 dixit
1178 1166 1319 1240 mihi:

229 1269 391 1366 Surge,
418 1271 537 1343 tolle
564 1270 738 1342 lectum
765 1276 891 1342 tuum
918 1275 963 1340 et
988 1265 1114 1340 vade.
1142 1267 1321 1342 Dicunt

229 1373 297 1444 ei:
326 1374 444 1461 Quis
472 1380 545 1446 est
571 1373 696 1444 iste?
723 1373 884 1446 Dixit:
905 1371 1091 1462 Nescio,
1119 1372 1228 1465 quia
1253 1373 1320 1445 Ie·
1442 1448 1444 1454 ,

229 1499 320 1569 sue,
348 1501 481 1571 quum
519 1475 879 1548 multitudinem
918 1473 1086 1571 populi
1118 1473 1321 1571 videret,

231 1577 500 1652 declinavit
536 1579 706 1653 abillo
746 1579 858 1651 loco.
896 1577 952 1648 Et
990 1583 1098 1672 post
1125 1577 1320 1675 aliquod

230 1681 565 1779 tempusvidit
605 1705 703 1754 eum
739 1689 784 1754 ct
811 1679 936 1754 dixit
963 1680 1026 1751 ei:
1067 1680 1133 1752 En
1174 1705 1321 1755 sanus

229 1783 386 1857 factus
427 1809 489 1875 es,
530 1784 701 1858 exinde
742 1783 841 1858 noli
879 1804 1089 1880 peccare,
1129 1805 1183 1856 ne
1224 1785 1321 1860 alio

228 1888 425 1982 quodam
452 1889 542 1963 tibi
569 1911 684 1984 opus
713 1889 785 1960 sit.
814 1887 968 1960 Dixerat
1002 1885 1120 1957 enirn:
1153 1887 1237 1960 Non
1257 1890 1321 1962 ha·

232 1989 584 2087 beoaliquem¹.Et
609 1999 719 2063 tunc
745 1992 874 2064 homo
902 1988 1024 2078 abiit
1051 1995 1095 2060 et
1121 1990 1321 2064 Iudaeis

231 2085 612 2191 narravitqu'od
638 2095 777 2167 Iesus
805 2102 908 2168 erat
935 2092 1034 2186 ille,
1057 2092 1136 2187 qui
1163 2117 1228 2166 me
1256 2119 1321 2168 sa·

228 2196 372 2269 navit.
400 2199 588 2294 Quumque
619 2197 811 2269 Dominum
841 2198 1112 2291 redarguerent,
1140 2197 1233 2292 quod
1264 2197 1323 2271 die

228 2299 367 2373 sabbati
386 2309 540 2395 sanaret,
559 2300 652 2373 dixit
669 2301 720 2372 cis
737 2325 744 2372 :
764 2301 908 2373 Pater
926 2321 1053 2372 meus
1080 2297 1227 2394 usque
1248 2301 1323 2375 ho·

229 2402 305 2474 die
332 2427 447 2500 opus
475 2413 720 2502 operatur,
743 2404 848 2476 idco
876 2410 921 2475 et
947 2426 1032 2495 ego
1060 2405 1322 2498 operculu-

227 2503 307 2576 daei
326 2506 445 2603 itaque
459 2515 652 2604 propterea
668 2509 973 2602 persequebantur
989 2505 1223 2599 salvatorem,
1238 2508 1323 2614 quia

226 2631 299 2680 non
327 2609 444 2681 solum
474 2610 531 2681 die
551 2611 690 2684 sabbati
719 2612 886 2700 sanabat,
917 2607 1180 2699 sedetiam,
1212 2611 1324 2705 quia

228 2709 417 2784 Patrem
444 2737 573 2785 suurn
601 2714 794 2788 dicebat
830 2713 986 2803 Deum,
1014 2719 1131 2783 etse
1167 2709 1323 2808 ipsum

230 2811 324 2887 Deo
351 2815 597 2910 aequalem
624 2817 842 2888 faciebat.

329 2919 501 2991 Attamen
533 2919 730 3010 considera,
762 2919 857 3015 quod
887 2941 959 2988 non
990 2917 1206 3014 respondit:
1238 2918 1322 2992 Non

227 3018 318 3092 solvi
336 3023 533 3114 sabbatum,
553 3021 639 3094 sed:
673 3022 771 3096 Solvi
802 3045 894 3112 eum,
914 3020 1006 3092 sieut
1024 3021 1133 3093 Pater
1164 3045 1266 3094 meus
1284 3022 1324 3094 in

225 3123 344 3196 coelis.
371 3123 515 3198 Pater
554 3149 702 3218 meua,
733 3149 847 3222 opus
888 3131 1116 3219 operatur
1151 3130 1196 3196 et
1236 3148 1322 3220 ego

227 3248 408 3322 operor.
451 3227 490 3302 Si
526 3229 621 3300 enirn
666 3251 725 3301 res
760 3235 912 3320 creatae,
944 3227 1066 3322 angeli
1100 3234 1136 3299 et
1170 3226 1323 3302 lumina·

224 3327 282 3401 ria
300 3337 336 3402 et
354 3353 413 3404 ros
429 3339 464 3404 et
481 3329 605 3428 pluvia
617 3338 654 3404 et
671 3331 788 3406 fontes
801 3339 838 3404 et
856 3329 1004 3404 flumina
1017 3329 1073 3402 die
1093 3331 1232 3403 sabbati
1249 3353 1323 3404 non

225 3433 458 3529 cohibentur;
491 3435 522 3506 si
545 3435 602 3506 dic
634 3435 772 3508 sabbati
802 3458 869 3507 nec
899 3433 1021 3528 angeli
1052 3441 1324 3508 removentura

227 3559 291 3608 suo
311 3537 456 3609 servitio
474 3545 511 3610 et
527 3537 712 3630 famulatu,
731 3561 797 3610 nec
822 3537 912 3610 coeli
931 3561 952 3609 a
969 3535 1153 3610 mittendis
1180 3539 1323 3612 roribus

147 3665 157 3678 ’
228 3645 266 3710 et
291 3638 435 3734 pluviis,
453 3663 519 3712 nec
548 3639 778 3713 luminariaa
804 3665 920 3734 cursu,
939 3663 1004 3711 nec
1034 3647 1132 3712 terra
1158 3664 1180 3712 a
1205 3642 1323 3738 profe·
1423 3642 1431 3654 ’

225 3741 339 3814 rendo
366 3741 494 3837 fructu,
511 3767 578 3815 nec
602 3743 747 3817 homoa
772 3744 1009 3840 respiratione
1028 3749 1064 3815 et
1091 3745 1323 3838 generatione

184 3891 188 3895 -
227 3843 395 3939 filiorum,
413 3847 519 3919 immo
537 3847 656 3943 potius
675 3847 732 3918 die
752 3847 890 3920 sabbati
915 3847 1076 3918 homines
1103 3855 1324 3940 generantur

226 3948 315 4042 quin
346 3956 577 4046 praeceptum
608 3949 751 4046 aliquod
783 3953 899 4023 obstet
912 3947 939 4042 ²,
958 3956 995 4020 et
1012 3949 1070 4020 die
1101 3955 1225 4023 octavo
1256 3951 1324 4025 cir-

229 4052 490 4146 cumciduntur,
509 4053 540 4127 si
556 4053 613 4128 his
640 4052 900 4127 conditionibus
919 4059 955 4126 et
973 4051 1054 4126 aliis
1081 4075 1195 4149 paene
1221 4053 1326 4128 innu-

308 4321 335 4377 1.
357 4320 490 4396 Scilicet,
505 4323 556 4398 qui
570 4340 618 4382 mc
632 4321 786 4398 inaquam
801 4322 950 4382 demittat.

226 4473 257 4535 fa
277 4474 284 4488 ι
306 4399 406 4536 2³·Ad
429 4402 582 4462 verbum:
606 4401 715 4470 “Quin
740 4402 781 4461 sit
803 4405 1039 4480 praecepturus,
1054 4398 1327 4478 scilicet,hocnon

259 4492 326 4536 cren
349 4496 368 4536 1.
