3344 5200
354 285 430 404 111

357 463 462 534 ficum
489 460 674 534 manifeste
699 459 783 532 fecit
809 459 943 532 siccari.
971 459 1042 534 Sed
1059 483 1169 555 quum
1195 468 1336 557 tempus
1363 481 1447 533 suae

357 564 534 662 passionis
560 586 671 660 prope
699 569 806 657 esset,
830 585 876 634 ne
903 562 984 657 quis
1008 569 1163 659 putaret,
1181 587 1263 635 eum
1288 586 1449 660 compre·

356 666 507 740 hensum
526 690 617 760 esse,
635 665 719 762 quia
736 689 774 738 se
800 665 918 761 ipsum
944 664 1098 738 liberare
1121 689 1193 738 non
1217 672 1351 762 posset,
1377 665 1450 737 Do·

359 770 477 842 minus
491 769 662 842 ficulneae
676 767 873 862 maledixit,
886 773 926 839 ut
938 767 1027 840 haec
1040 767 1162 840 amicis
1175 768 1278 840 fieret
1295 768 1449 862 signum,

358 871 513 946 inimicis
530 895 616 947 vero
634 877 849 967 portentum,
863 875 899 940 et
916 870 1084 966 discipuli
1101 871 1168 944 hoc
1191 871 1267 965 ejus
1284 873 1394 944 verbo
1411 869 1451 941 in

285 1020 286 1026 1
358 974 428 1047 fide
455 975 758 1067 confirmarentur,
778 979 814 1044 et
839 971 947 1044 alieni
972 973 1168 1070 potentiam
1194 973 1270 1068 ejus
1296 973 1450 1045 admira·

330 1106 332 1110 ·
358 1085 493 1151 rentur.
513 1077 606 1165 Quia
623 1077 741 1149 omnia
756 1078 846 1149 bene
871 1075 955 1147 fecit
972 1083 1008 1148 11
1034 1076 1072 1148 in
1090 1099 1132 1147 eo
1150 1075 1228 1170 fuit,
1246 1082 1287 1148 ut
1313 1075 1448 1149 crucia·

342 1247 345 1254 ,
360 1186 471 1274 retur,
485 1179 658 1276 suspicari
674 1185 879 1276 potuerunt,
892 1179 987 1274 quod
1001 1185 1037 1250 et
1049 1199 1175 1252 revera
1188 1179 1360 1271 fecerunt,
1369 1201 1451 1250 eum

362 1305 405 1354 ea
431 1284 475 1354 de
493 1305 601 1355 causa
626 1282 919 1380 comprehensum
946 1303 1036 1374 esse,
1054 1281 1138 1376 quia
1163 1281 1324 1377 potentia
1344 1279 1383 1352 in
1408 1304 1450 1353 eo

269 1477 272 1482 ἱ
360 1385 508 1479 defecit,
544 1386 601 1456 cui
636 1385 870 1481 praeveniens
904 1406 969 1480 per
1010 1381 1244 1456 ,inanimatam
1278 1383 1451 1480 plantam,

357 1511 468 1582 vquarn
486 1487 641 1581 arefecit,
659 1487 824 1588 ostendit,
839 1509 877 1557 sc
894 1489 1121 1582 perverbum
1140 1487 1252 1576 etiam
1266 1485 1451 1558 crucifixo-

347 1613 418 1662 ·res
446 1613 529 1682 suos
555 1588 705 1686 perdere
731 1612 847 1686 posse.
874 1589 986 1660 Sicuti
1012 1612 1053 1661 eo
1072 1596 1231 1684 tempore
1257 1611 1322 1685 per
1349 1611 1451 1660 suam

358 1691 519 1765 divinam
545 1691 741 1790 potentiam
758 1693 825 1765 hoc
851 1714 940 1788 opus
957 1692 1118 1788 perfecit,
1135 1712 1181 1763 ne
1207 1698 1376 1787 tanquam
1398 1690 1452 1762 in-

361 1795 485 1868 firmus
505 1819 551 1868 ex
570 1803 671 1892 parte
689 1801 837 1867 naturae
856 1816 941 1866 suae
959 1794 1135 1866 humanae
1157 1793 1452 1890 vilipenderetur,

356 1897 413 1971 ita
437 1905 562 1994 postea
584 1898 720 1972 Simoni
737 1896 852 1970 dixit:
872 1918 887 1952 ⁴⁴
908 1895 1013 1968 Mitte
1032 1896 1191 1992 gladium
1209 1903 1311 1970 tuum
1327 1896 1375 1968 in
1401 1895 1452 1968 lo-

356 2023 441 2074 cum
460 2025 563 2073 suum
581 2040 596 2076 n
615 2001 639 2074 ¹.
864 2009 870 2036 ¹

467 2103 538 2190 Qui
556 2110 713 2198 venerat,
731 2109 771 2174 ut
787 2100 982 2175 invisibilia
999 2101 1130 2175 damna
1147 2102 1332 2177 hominum
1350 2101 1453 2174 tolle-

356 2211 429 2298 ret,
447 2211 502 2276 ter
520 2204 720 2279 visibilibus
743 2204 881 2276 damnis
909 2227 969 2277 eos
995 2204 1121 2278 affecit.
1151 2204 1323 2304 Sepulora
1345 2204 1455 2300 fregit

363 2313 400 2379 et
417 2307 593 2401 contrivit,
611 2330 738 2404 porcos
756 2308 794 2379 in
820 2306 911 2378 mari
937 2306 1123 2382 suffocavit
1141 2315 1178 2380 ct
1195 2307 1300 2382 licum
1326 2307 1453 2380 radici-

358 2416 420 2482 tus
437 2411 521 2482 fecit
540 2433 712 2503 arescere,
730 2417 770 2482 ut
786 2409 907 2508 fractis
944 2409 1103 2482 fidelium
1130 2409 1305 2508 sepulcris
1327 2409 1454 2482 infide-

361 2511 450 2585 lium
476 2515 583 2586 corda
613 2513 825 2586 contritione
850 2512 1112 2608 frangerentur,
1131 2520 1167 2586 et
1194 2535 1304 2608 grege
1331 2535 1455 2610 porco·

361 2638 442 2688 rum
460 2617 629 2689 suffocato
647 2638 746 2690 error
772 2615 878 2687 fidem
903 2615 1129 2688 renuentium
1156 2615 1401 2709 suffocaretur,
1419 2622 1456 2686 et

238 2791 243 2798 .
356 2741 429 2814 vper
456 2718 643 2792 ficulneam
670 2718 746 2790 sine
773 2717 902 2790 delicto
928 2719 1118 2790 arefactam
1145 2721 1231 2791 urbs
1256 2717 1455 2791 Ierusalem

354 2828 511 2918 propter
538 2846 604 2895 sua
635 2821 765 2895 delicta
791 2821 1036 2894 destrueretur
1051 2819 1077 2892 ².
1109 2821 1298 2894 Esuriit
1323 2827 1369 2892 et
1394 2821 1453 2892 fe·

356 2923 557 2998 stimans
584 2924 717 2998 venit
742 2923 796 2997 ad
822 2921 957 2995 illam
990 2922 1143 2995 ficum.
1181 2922 1303 2998 Oculis
1333 2922 1456 2996 viden·

355 3025 452 3098 tium
466 3035 503 3098 et
520 3028 665 3101 auribus
683 3027 904 3098 audientium
922 3025 1100 3100 visibilem
1120 3049 1222 3100 suum
1239 3024 1403 3102 habitum
1420 3033 1457 3097 et

355 3131 514 3203 verbum
533 3153 636 3203 suum
652 3129 845 3226 adaptavit.
947 3163 949 3168 ·

470 3232 713 3306 Admirati
740 3239 849 3304 sunt
875 3230 1109 3326 discipuli
1136 3232 1247 3328 ejus,
1274 3253 1455 3328 quomo-

364 3335 419 3406 do
438 3340 527 3406 tam
547 3335 706 3407 subito
724 3335 941 3406 arefacta
967 3335 1039 3406 sit.
1058 3335 1293 3431 Quianempe
1312 3356 1454 3416 suana·

364 3443 447 3508 tura
463 3437 564 3527 ficus,
587 3437 618 3510 si
644 3436 803 3508 caeditur
828 3441 975 3532 propter
991 3436 1183 3510 viriditatis
1202 3435 1456 3511 abundantiam

297 3629 300 3639 ,
354 3545 447 3634 post
460 3539 592 3612 multos
601 3539 743 3611 demum
753 3562 894 3611 menses
909 3539 1010 3610 arida
1022 3539 1161 3633 fit,ideo
1176 3540 1300 3612 camin
1313 3539 1455 3634 signum

363 3639 485 3736 elegit,
503 3666 574 3737 qua
599 3642 825 3737 praesagium
853 3641 955 3714 daret
972 3643 1150 3738 potentiae
1169 3666 1265 3724 suae.
1290 3642 1397 3734 Nam,
1415 3648 1456 3714 ut
1530 3679 1533 3684 ·

248 3741 250 3748 ’
363 3751 487 3829 notum
506 3746 679 3839 est,=ficus
704 3751 786 3817 ante
813 3767 935 3818 omnes
961 3747 1107 3819 arbores
1133 3745 1295 3841 germina
1312 3750 1348 3816 et
1369 3743 1456 3816 folia

363 3847 510 3942 profert,
529 3848 633 3922 sicuti
663 3847 836 3920 Dominus
871 3847 948 3944 ipse
979 3847 1018 3919 in
1046 3847 1111 3920 illa
1140 3847 1311 3943 parabola
1340 3846 1455 3920 dixit:

367 3951 518 4044 “Aliso
548 3951 674 4025 discite
701 3951 917 4048 parabolam,
936 3951 1021 4048 quia
1050 3951 1193 4047 quando
1223 3950 1314 4025 rami
1339 3949 1455 4023 teneri

445 4231 472 4286 1.
493 4227 593 4286 111111.
607 4230 655 4302 26,
678 4229 726 4288 52.

442 4308 471 4362 2.
493 4306 542 4366 Sic
557 4305 653 4366 verba
666 4308 829 4368 habentur.
843 4309 988 4370 Ultimam
1009 4310 1195 4371 sententiam
1204 4309 1372 4374 contextui
1392 4325 1456 4368 ser·

361 4381 459 4444 monis
477 4403 539 4446 non
552 4389 624 4464 apte
638 4387 813 4462 convenire,
827 4405 917 4450 nemo
930 4407 992 4450 non
1006 4387 1102 4449 videt.
