3330 5200
346 374 414 448 156

445 499 559 576 Porro
585 503 667 574 ante
696 499 821 574 mortis
848 522 933 573 suae
950 503 1103 597 tempus,
1121 521 1191 598 quo
1218 498 1356 598 species
1382 500 1437 576 fa·

342 605 410 678 cici
436 608 512 702 ejus
537 605 724 678 immutata
749 611 814 697 est,
834 628 894 676 eos
921 605 1072 698 edocuit,
1100 629 1150 698 se,
1170 605 1239 678 etsi
1255 604 1352 676 idem
1375 607 1437 700 sit,

341 715 461 781 tamen
489 707 625 802 novari,
644 715 681 780 et
710 707 795 780 licet
825 715 987 802 novetur,
1018 709 1136 804 ipsum
1166 707 1320 782 cundem
1354 731 1437 782 csse·

345 811 470 884 sciant.
496 813 553 885 Ne
580 811 712 908 itaque,
739 810 879 906 quando
910 834 957 883 cx
972 811 1132 884 mortuis
1156 811 1434 884 transformatus

341 914 552 1008 surrexerit,
571 915 614 986 de
634 937 675 986 eo
693 913 909 1006 dubitarent,
928 915 1028 1011 prius
1056 937 1117 986 eos
1144 914 1364 987 exercitavit.
1383 917 1435 988 At

341 1019 372 1090 si
389 1017 657 1112 transfiguratio
676 1025 731 1090 cst
748 1041 910 1112 regnum,
932 1017 1026 1112 quod
1051 1018 1189 1114 accepit
1205 1024 1287 1113 post
1312 1040 1432 1090 resur-

340 1121 546 1213 rectionem,
565 1144 627 1193 cur
645 1127 727 1216 post
752 1120 1050 1193 resurrectionem
1076 1121 1203 1192 nonin
1227 1121 1295 1192 hac
1319 1120 1433 1192 forma

340 1224 535 1320 apparuit?
555 1223 658 1312 Quod
676 1229 866 1320 propterea
882 1222 1014 1295 factum
1032 1229 1097 1317 est,
1112 1224 1196 1319 quia
1217 1237 1298 1294 eum
1315 1223 1433 1295 intue-

340 1327 373 1399 ri
389 1349 462 1398 non
490 1326 701 1422 potuissent,
720 1335 756 1398 et
784 1331 825 1396 ut
857 1326 998 1418 scireut,
1027 1350 1065 1398 se
1096 1350 1236 1422 quoque
1268 1325 1434 1426 similiter

340 1429 645 1502 transformandos
672 1452 761 1502 esse.
788 1429 837 1499 Et
863 1428 951 1500 duos
977 1429 1059 1502 illos
1085 1430 1182 1502 viros
1214 1428 1375 1523 adduxit,
1392 1435 1435 1501 ut

264 1565 268 1570 ·
339 1531 455 1626 magis
487 1532 692 1604 crederetur
722 1532 937 1604 resurreetio
966 1533 1074 1628 vitae,
1095 1557 1186 1627 quae
1217 1555 1283 1629 per
1314 1531 1433 1629 ipsum

344 1635 406 1707 fiet
423 1635 461 1705 in
478 1635 548 1706 fine
566 1635 699 1707 mundi.
718 1635 801 1709 Sive
819 1635 950 1706 mortui
969 1642 1052 1708 sunt
1081 1642 1122 1706 ut
1139 1635 1296 1731 Moyses,
1314 1658 1434 1707 resur-

313 1730 316 1736 ’
342 1744 441 1832 gent,
460 1739 537 1810 1111
555 1737 679 1810 virent
707 1739 747 1808 ut
763 1736 875 1830 Elias,
893 1738 939 1809 ad
957 1762 1038 1810 eum
1059 1738 1242 1832 volabunt,
1260 1738 1344 1833 quia
1360 1737 1436 1808 Do-

341 1840 460 1913 minus
478 1847 533 1912 111
551 1839 775 1913 excelsorum
793 1847 829 1911 et
846 1840 1112 1935 profundorum.

447 1944 566 2032 Quum
584 1942 781 2038 Moysesxet
797 1943 897 2014 Elias
915 1945 1175 2040 apparuissent,
1190 1942 1282 2016 dixit
1295 1943 1431 2017 Simon:

344 2045 501 2140 Siris,
541 2046 750 2139 Domine,
789 2046 1020 2120 faciamus
1045 2047 1121 2120 bic
1160 2047 1255 2120 tria
1280 2049 1435 2120 taber·

342 2149 521 2222 nacula.
550 2149 652 2236 Quod
671 2149 774 2241 dixit,
793 2147 877 2244 quia
893 2148 997 2221 illum
1023 2155 1180 2222 montem
1198 2174 1220 2221 a
1235 2148 1436 2221 vexationi·

340 2249 409 2325 bus
427 2251 631 2325 Scribarum
647 2275 798 2323 vacuum
817 2258 853 2322 et
870 2251 1030 2348 quietum
1047 2252 1139 2325 uidit
1157 2260 1193 2325 et
1209 2254 1277 2325 boc
1296 2253 1329 2324 ei
1354 2252 1431 2348 pla-

310 2395 313 2410 ,
339 2355 423 2427 cuit.
441 2353 624 2450 Fragrans
640 2355 679 2426 in
695 2377 801 2427 nares
820 2355 896 2450 ejus
924 2355 1043 2428 suavis
1070 2355 1157 2430 odor
1175 2355 1280 2451 regni
1304 2377 1434 2452 perve-

341 2458 396 2530 nit
413 2465 449 2528 et
467 2457 604 2530 deliciis
623 2479 704 2529 eum
731 2457 858 2530 affecit.
876 2457 979 2531 Vidit
1006 2458 1156 2552 gloriam
1183 2458 1330 2530 Domini
1354 2457 1435 2530 loco

340 2559 556 2656 ignominiae
575 2566 612 2632 et
642 2560 813 2654 gaudens,
831 2560 925 2656 quod
954 2559 1129 2634 Dominus
1162 2562 1307 2658 ejusque
1330 2560 1436 2634 disci-

220 2674 228 2688 ·
257 2677 263 2681 ’
341 2663 420 2762 puli
446 2686 525 2735 curn
553 2662 679 2758 Moyse
698 2671 734 2734 et
752 2663 835 2734 Elia
860 2666 1178 2758 commorabantur,
1197 2665 1437 2756 desiderabat,

341 2789 422 2838 cum
447 2789 469 2838 a
496 2764 633 2861 Caipha
659 2773 695 2838 et
719 2765 864 2838 Herode
894 2764 1001 2860 longe
1027 2769 1163 2840 abesse.
1192 2766 1434 2864 Competiens,

342 2868 446 2943 sicuti
464 2868 604 2964 quando
631 2869 794 2941 dixerat:
817 2889 832 2925 a
850 2869 958 2941 Absit
973 2869 1040 2940 hoc
1057 2894 1079 2942 a
1095 2877 1131 2942 te
1149 2909 1178 2964 n,
1201 2869 1268 2942 hac
1294 2893 1434 2965 quoque

340 2971 524 3046 1111111111
555 2971 679 3043 dixit:
714 2971 934 3044 “Faciamus
964 2971 1022 3044 hio
1052 2971 1123 3046 tria
1158 2973 1389 3046 tabernacula
1405 3011 1436 3046 n.

342 3075 625 3166 Nesciebat,
660 3075 780 3170 quod
807 3073 1007 3167 diceret,
1035 3077 1120 3170 quia
1149 3075 1324 3148 Dominus
1355 3098 1434 3148 cru-

342 3201 419 3250 cem
438 3184 516 3251 erat
533 3201 757 3270 ascensurus,
775 3177 835 3250 111
853 3177 937 3272 quia
953 3179 1183 3251 tabernacula
1207 3201 1280 3250 non
1296 3180 1357 3252 blo
1383 3177 1434 3250 eis
1493 3235 1494 3242 κ

342 3304 511 3354 concessa
536 3287 649 3374 erant,
669 3281 731 3353 sed
757 3281 795 3352 in
821 3280 954 3352 mundo
979 3291 1130 3354 venturo
1148 3321 1179 3356 a.
1207 3281 1344 3376 Facite,
1371 3281 1434 3374 ait,

342 3383 443 3458 vobis
471 3383 622 3475 amicos,
649 3385 711 3478 qui
736 3405 800 3456 111
835 3382 1012 3478 recipiant
1036 3384 1076 3458 in
1104 3385 1335 3457 tabernacula
1369 3405 1436 3456 sua

342 3493 488 3560 aeterna
501 3485 526 3558 ¹.
544 3485 658 3558 Porro
676 3486 867 3580 nesciebat,
881 3487 976 3582 quod
994 3487 1140 3580 diceret,
1153 3486 1238 3582 quia
1253 3485 1293 3558 in
1309 3507 1433 3558 nume-

342 3613 382 3664 ro
400 3588 711 3662 tabernaculorum
724 3589 909 3662 Christum
922 3611 1003 3662 oum
1015 3589 1142 3684 Moyse
1157 3597 1193 3674 et
1206 3589 1290 3662 Elia
1303 3611 1434 3686 aequa·

343 3693 418 3786 vit;
436 3691 517 3763 ideo
536 3690 657 3764 divina
673 3713 745 3764 vox
763 3691 807 3764 de
825 3693 924 3764 caelo
947 3715 1028 3764 eum
1058 3691 1276 3764 illuminavit
1293 3691 1434 3764 diceus:

343 3795 431 3868 Hic
458 3800 532 3866 est
558 3793 699 3866 lilius
725 3817 852 3867 meus
879 3793 1114 3890 dilectus,
1140 3801 1181 3868 ut
1206 3795 1381 3868 Dominus
1412 3817 1435 3866 a
1513 3815 1516 3825 ·

344 3897 458 3972 servis
475 3897 549 3968 suis
567 3897 860 3992 distingueretur.

449 3997 524 4072 Gur
554 4006 673 4072 autem
720 3998 866 4096 Moyses
897 4005 933 4072 ct
962 3998 1062 4072 Elias
1094 3997 1128 4072 ei
1159 3995 1438 4096 apparuerunt?

342 4103 446 4196 Quia,
466 4102 607 4198 quando
626 4125 688 4176 111
717 4103 977 4198 interrogavit:
998 4123 1013 4160 1
1031 4101 1127 4191 Quid
1159 4103 1283 4176 dicunt
1300 4102 1345 4174 de
1375 4122 1438 4172 me

341 4206 516 4300 homines,
533 4205 628 4304 quod
645 4205 744 4280 sim?
763 4206 796 4280 ei
814 4205 1005 4282 dixerunt:
1024 4205 1100 4280 Alii
1123 4205 1257 4300 dicunt,
1275 4203 1370 4302 quod
1387 4201 1439 4274 E.-

424 4439 450 4494 1.
472 4437 546 4495 nuc.
570 4439 660 4510 111.
