3344 5200
616 717 946 796 PREOES⁴.

240 1069 243 1074 ·
325 1038 382 1114 'In
408 1040 695 1116 miserationibus
722 1041 805 1135 tuis,
823 1041 952 1137 quibua
972 1043 1084 1139 janua
1110 1041 1327 1116 auxiliorum

235 1149 378 1216 tuorum
403 1149 514 1239 patet,
539 1145 628 1218 baec
653 1143 756 1218 nobis
783 1143 1000 1219 revelantur.
1018 1141 1194 1218 Dominus
1224 1141 1327 1240 quasi

234 1238 373 1341 pugnat
398 1268 475 1345 por,
489 1269 555 1319 nos
580 1252 709 1320 contra·
728 1270 804 1320 nos.
832 1246 872 1321 si
897 1247 1003 1320 homo
1030 1245 1068 1319 in
1094 1244 1270 1339 omnibus,
1288 1245 1328 1317 in

210 1433 212 1438 ¹
234 1348 363 1445 quibus
390 1355 571 1422 certamen
588 1350 707 1442 habet,
733 1355 796 1422 tua
812 1349 945 1422 virtute
964 1355 1129 1442 certaret,
1152 1348 1190 1420 in
1215 1347 1327 1420 omni·

233 1449 300 1522 bus
318 1449 477 1524 vinceret
503 1475 569 1548 per
596 1457 693 1526 tuam
711 1451 933 1526 voluntatem
946 1451 973 1524 ².
991 1452 1068 1526 Nos
1095 1457 1215 1524 autem
1240 1473 1329 1524 vasa

235 1575 357 1627 sumus
375 1554 605 1650 reprobantia
617 1554 646 1648 ⁵,
663 1561 704 1630 ut
721 1557 765 1628 ab
782 1553 839 1627 his
856 1555 1064 1652 procacibus
1088 1553 1187 1626 vasis
1216 1553 1327 1632 victo-¹

234 1653 290 1728 ria
308 1657 479 1730 creatoris
507 1680 630 1730 eorum
647 1656 862 1756 perficiatur.
889 1659 960 1731 Ast
987 1658 1063 1731 sino
1081 1657 1224 1732 foedere
1242 1656 1328 1730 visi·

234 1754 299 1834 bili
316 1758 395 1838 fiori
411 1759 546 1856 nequit,
559 1768 600 1832 ut
617 1784 682 1834 nos
700 1783 773 1832 non
790 1782 989 1857 peccemus,
1003 1759 1065 1857 qui
1083 1759 1188 1854 ligati
1204 1783 1328 1834 sumus

234 1858 273 1933 in
290 1857 468 1955 libertate,
487 1863 655 1958 quiahoc
682 1863 825 1937 foedere
842 1863 945 1937 nobis
963 1887 1052 1960 opus
1071 1870 1136 1957 est,
1153 1886 1199 1935 ne
1223 1863 1331 1960 juxta

235 1958 409 2059 impetum
423 1965 619 2039 voluntatis
635 1973 779 2040 nostrae
798 1967 1100 2059 circumferamur,
1114 1966 1178 2038 sed
1194 1976 1235 2039 ut
1253 1963 1329 2038 sola

212 2075 218 2086 '
235 2063 305 2138 Dei
322 2067 475 2142 charitas
495 2091 603 2166 super
623 2093 688 2142 nos
708 2068 939 2160 diffundatur,
957 2093 1052 2166 quae·
1075 2091 1143 2142 nos
1166 2067 1335 2165 subjiciat.

233 2187 307 2242 non
332 2170 391 2264 vi,
418 2171 481 2245 sed
506 2193 641 2268 urgens
667 2177 806 2246 tantum
831 2179 979 2268 propter
1004 2178 1163 2245 nostram
1193 2171 1329 2244 utilita-

115 2333 121 2346 ,
235 2277 309 2347 tem
322 2271 348 2346 ἢ.
368 2273 448 2348 Hoc
465 2298 551 2370 ergo
569 2275 704 2368 foedus,
723 2275 823 2372 cujus
850 2281 1010 2372 potestas
1035 2271 1330 2370 irreprehensibi-

234 2373 280 2447 lis
299 2386 365 2470 est,
384 2383 531 2474 propter
550 2377 702 2474 gloriam
731 2401 831 2450 suam
850 2377 981 2452 delicta
1007 2385 1132 2451 nostra
1149 2376 1332 2450 dimittere

235 2484 364 2574 potest.
391 2479 494 2566 Quod
521 2504 593 2552 non
620 2480 701 2578 ideo
721 2479 882 2572 dicimus,
908 2480 995 2575 quia
1018 2480 1120 2554 nobis
1146 2479 1235 2550 utile
1262 2487 1328 2570 est,

234 2579 298 2652 sad
315 2581 401 2675 quia
416 2603 481 2653 nos
500 2605 571 2658 non
588 2581 710 2678 pudet,
727 2581 921 2654 utilitatem
939 2589 1097 2656 nostram
1115 2581 1153 2653 in
1168 2581 1329 2678 Scripta

233 2681 284 2756 ris
301 2681 447 2756 Domini
464 2706 648 2780 quaerere.

336 2785 432 2860 Num
448 2793 498 2878 tn,
513 2787 677 2879 Domine,
691 2787 900 2883 indigeant
916 2788 1104 2862 thesauros
1122 2793 1269 2860 nostros
1277 2787 1327 2873 =ti·

232 2886 269 2961 bi
292 2887 447 2961 demus?
466 2889 561 2978 Quid
584 2891 682 2965 aliud
708 2890 903 2983 desideras,
922 2915 1028 2986 quam
1046 2898 1087 2962 ut
1110 2913 1237 2964 manus
1264 2913 1326 2962 no-

231 2995 328 3062 stras
345 2991 544 3086 tendamus,
562 2999 603 3065 ut
629 3019 677 3068 ex
694 2993 767 3067 tuis
793 2994 961 3067 remediis
988 2991 1215 3090 accipiamus,
1241 2993 1327 3080 dum

178 3155 181 3165 .
230 3115 297 3187 pcr
327 3093 566 3168 obedientiam
596 3095 663 3171 tibi
692 3104 853 3169 nostram
882 3097 1102 3171 voluntatem
1143 3095 1327 3168 tradimus.

233 3195 365 3270 Omnia
382 3197 476 3270 enim
495 3206 686 3295 operatua
705 3199 845 3274 coronis
864 3199 939 3272 suis
966 3199 1231 3296 splendescunt,
1250 3199 1330 3294 qui·

232 3299 299 3372 bus
319 3299 622 3396 sapientissimum
641 3327 682 3376 os
692 3310 800 3376 tuum
827 3323 869 3374 ea
894 3303 1088 3394 coronavit,
1107 3323 1215 3396 quum
1235 3300 1330 3374 dixi-

235 3401 303 3475 sti:
325 3425 341 3460 e
358 3403 450 3476 Ecce
464 3404 570 3476 valde
587 3406 681 3479 bona
699 3411 782 3478 sunt
798 3403 850 3480 al.
866 3404 1084 3501 Quocunque
1101 3427 1167 3504 nos
1184 3402 1250 3477 tibi
1266 3406 1327 3477 be·
1364 3484 1371 3494 ,

233 3505 441 3602 nedicimus,
459 3530 525 3603 per
541 3508 609 3583 hoc
626 3509 805 3584 debitores
828 3507 1010 3582 efficimur.
1029 3509 1103 3582 Sub
1128 3505 1329 3602 'exiguitate

317 3735 343 3790 1.
364 3735 450 3794 Haeo
464 3737 624 3815 inscriptio
638 3741 669 3799 in
684 3742 754 3801 solo'
766 3740 833 3801 cod.
846 3743 871 3800 B
885 3742 1029 3802 habetur.

212 3881 219 3900 ἢ
314 3811 344 3867 2.
364 3813 454 3872 Hunc
467 3815 568 3874 locum
581 3837 637 3894 per
650 3820 771 3896 ellipsin
795 3819 958 3896 explicavi,
981 3822 1066 3899 Syris
1084 3822 1251 3896 vulgarem,
1266 3837 1327 3894 qua

235 3887 363 3947 verbum
378 3891 518 3951 unavice
542 3913 597 3969 pro
622 3896 740 3982 duabus
766 3897 884 3956 vicibus
907 3900 1041 3975 positum
1057 3904 1113 3958 ost.
1137 3900 1263 3960 Aucher
1280 3897 1324 3954 sic

142 4015 147 4036 ,
235 3967 344 4026 babet:
362 3968 416 4028 “Si
430 3987 497 4028 oum
513 3971 653 4032 omnibus
677 3977 832 4052 pugnaret
856 3979 910 4033 tua
922 3977 1047 4050 virtute,
1062 3997 1166 4038 omnes
1185 3977 1326 4038 vinceret
1354 4007 1359 4015 -

235 4047 493 4110 tuavoluntatea.
876 4117 879 4122 ,

312 4127 341 4183 3.
363 4125 488 4186 Scilicet
501 4128 630 4203 gratiam
644 4130 710 4189 Dei.
726 4131 865 4191 Aucher:
884 4134 1150 4210 evaraingratca.

313 4206 343 4262 4.
364 4205 451 4264 Haeo
466 4209 619 4268 sententia
635 4225 746 4284 magna
761 4226 800 4268 ex
815 4215 902 4286 parte
915 4229 956 4272 ex
971 4214 1039 4272 cod.
1053 4215 1079 4272 B
1100 4215 1243 4272 correcta
1262 4212 1320 4267 ost.

234 4281 272 4340 In
286 4279 353 4340 cod.
366 4283 550 4344 Anonnulla
565 4289 716 4349 vocabula
729 4288 805 4348 tatae
821 4290 935 4368 scripta
949 4295 1028 4351 sunt.
1041 4292 1127 4350 Idem
1142 4292 1179 4351 da
1194 4305 1326 4367 sequen-

236 4358 260 4417 ti
274 4358 427 4421 sententia
442 4364 540 4424 valct..

313 4439 342 4496 5.
364 4440 439 4501 Gan.
456 4445 483 4519 l,
498 4445 545 4502 31.
