3330 5200
1234 348 1279 418 93

179 477 355 565 staretur,
374 469 468 544 dona
486 470 618 544 datoris
646 471 701 544 sui
727 480 825 545 certa
851 495 930 546 esse
958 482 993 546 et
1019 473 1148 546 fidelia.
1176 475 1277 549 Haec

178 577 281 648 enirn
300 575 468 648 salutatio
488 577 583 672 apud
601 600 682 648 eum
699 583 786 670 crat,
804 577 866 673 qui
884 601 962 650 earn
977 578 1095 671 dabat,
1125 586 1162 649 et
1180 581 1276 676 apud

178 703 245 752 eos
264 679 328 774 qui
347 703 425 752 eam
439 680 669 777 accipiebant,
692 680 778 776 quin
796 681 1015 754 minueretur
1039 689 1074 754 ct
1092 706 1276 778 separare·

177 791 253 856 tur.
269 784 373 855 Haec
387 785 552 857 salutatio
568 784 793 858 manifestum
805 783 898 878 fecit,
912 783 1058 858 Patrem
1071 793 1199 860 natura
1212 813 1278 862 sua

178 888 283 982 apud
300 910 424 960 omnes
443 894 479 960 et
496 887 534 959 in
551 889 714 962 omnibus
732 910 822 982 esse,
836 895 872 960 et
886 887 1090 983 declaravit,
1103 890 1237 963 Filium
1255 918 1277 966 a

177 991 294 1064 Patre
308 991 468 1086 missum,
482 998 517 1062 et
526 998 639 1064 totum
649 1015 727 1065 esse
737 991 832 1088 apud
850 1015 983 1085 omnes,
997 1000 1033 1064 et
1051 993 1157 1067 finem
1171 1019 1275 1068 suurn

179 1095 282 1192 apud
298 1095 456 1168 Patrem.
476 1094 651 1183 Quoniam
669 1103 788 1168 autem
806 1095 923 1168 Filius
941 1095 1060 1192 imago
1074 1104 1128 1170 est
1142 1098 1274 1191 Patris,

178 1218 380 1295 numquam
396 1199 549 1272 cessavit
566 1199 783 1298 praedicare,
804 1223 870 1272 nec
886 1199 1044 1274 docendo
1062 1201 1277 1298 defatigatus

182 1311 250 1396 est,
279 1304 392 1375 donec
417 1302 553 1398 figurae
589 1303 741 1400 typicae,
767 1307 874 1377 rebus
909 1303 998 1401 ipsis
1029 1304 1276 1404 implerentur,
1314 1397 1316 1400 v

180 1407 361 1502 imagines
379 1431 444 1503 per
461 1408 648 1480 veritatem
665 1408 773 1482 finem
798 1408 1010 1504 acciperent,
1038 1409 1277 1485 adumbratio·

183 1535 250 1583 nes
278 1511 358 1608 ipsc
384 1533 531 1608 corpore
559 1511 808 1586 sufficerentur
826 1518 862 1584 et
879 1513 998 1586 omnia
1022 1516 1195 1610 mysteria
1211 1539 1276 1612 per

179 1637 308 1688 ueram
334 1616 695 1712 repraesentationem
713 1639 867 1711 emensa,
895 1615 1040 1690 definita
1058 1624 1094 1689 et
1114 1641 1276 1693 consum·

181 1726 284 1791 mata
303 1725 433 1791 essent.
836 1765 838 1768 -

288 1823 375 1895 Ideo
402 1823 551 1897 verbum
571 1823 706 1896 Christi
731 1823 770 1896 in
795 1824 988 1919 auditores,
1014 1825 1076 1922 qui
1093 1823 1131 1897 id
1148 1849 1275 1923 capere

182 1935 348 2023 possunt,
376 1928 478 2022 quasi
505 1927 695 2023 coagulum
729 1928 915 2023 mittimus,
951 1952 1020 2024 quo
1052 1939 1274 2026 separentur,

182 2031 247 2102 scd
262 2037 299 2102 et
312 2030 500 2126 uniantur3
515 2032 683 2104 nimirum
702 2039 912 2128 separentur
931 2037 966 2105 et
985 2032 1235 2130 disjungantur
1255 2061 1277 2108 a

182 2158 302 2206 massa
315 2135 426 2207 cruda
438 2135 572 2227 mundi,
582 2135 753 2208 uniantur
766 2143 884 2210 autern
896 2135 1032 2210 Christi
1045 2137 1107 2234 qui
1121 2161 1275 2212 commu·

185 2239 335 2311 nitatem
353 2231 522 2312 ccclesiae
540 2238 687 2336 colligit.
704 2239 773 2313 Cui
794 2264 924 2336 magna
941 2264 1081 2337 corona,
1108 2266 1276 2338 inagnum

186 2366 327 2438 quoque
346 2350 525 2416 certarnen
544 2366 623 2417 esse
641 2350 791 2441 oportet.
817 2344 919 2417 Licet
936 2345 973 2417 id
998 2347 1050 2418 ita
1076 2369 1113 2418 se
1135 2346 1275 2440 habeat,

186 2453 307 2519 tamen
326 2447 443 2542 gloria
460 2447 629 2521 uictoriae
657 2471 737 2521 curn
764 2449 940 2545 parvitate
959 2449 1162 2526 certaminis
1181 2474 1274 2524 com-

186 2550 306 2648 parari
332 2551 466 2647 nequit.
495 2551 695 2626 Careamus
723 2559 853 2648 autem,
880 2577 925 2626 ne
944 2577 1044 2628 error
1062 2554 1210 2627 subdole
1230 2557 1275 2629 ad

187 2677 251 2727 nos
269 2656 379 2728 intret
397 2663 433 2728 et
446 2680 546 2728 arma
562 2663 687 2729 nostra
703 2656 839 2750 induat,
866 2658 950 2754 quia
966 2658 1092 2730 faciem
1110 2682 1211 2732 suam
1230 2661 1275 2734 ad

188 2781 308 2855 omnes
327 2759 463 2833 colores
480 2767 594 2834 mutat
612 2768 648 2833 et
659 2760 813 2833 *calicem
833 2783 935 2833 snum
953 2762 1049 2834 omni
1068 2786 1199 2858 genere
1213 2789 1274 2861 po-

188 2869 243 2935 tus
261 2870 437 2960 temperat
452 2862 477 2935 ⁴.
495 2865 571 2938 Nos
586 2863 783 2940 Christiani
795 2863 920 2938 Iudaei
933 2889 1055 2938 sumus
1073 2865 1111 2938 in
1128 2869 1274 2941 abscon-

189 2966 272 3060 dito,
289 2965 486 3040 circumcisi
501 2968 640 3066 spiritu,
658 2967 836 3044 benedicti
849 2992 913 3066 per
926 2969 1232 3065 regenerationem
1247 2971 1275 3066 ²,

190 3077 224 3141 et
240 3095 305 3167 per
325 3073 535 3167 sanguinem
554 3073 750 3147 Christiani
764 3079 800 3145 et
812 3096 877 3170 per
896 3074 1114 3148 sanationem
1132 3074 1275 3172 integra

193 3174 395 3247 valetudine
413 3177 619 3271 gaudentes.

291 3278 535 3352 Discutite
579 3281 825 3377 pulverem
879 3280 1047 3379 pedum
1090 3289 1272 3358 vestro-

191 3407 295 3477 rum,
312 3391 353 3455 ut
369 3383 536 3476 indicent,
550 3385 668 3458 Deum
686 3385 729 3457 de
747 3383 820 3458 illis
837 3385 1029 3460 vindictam
1048 3393 1272 3484 sumpturum

189 3507 276 3580 esse,
296 3487 380 3582 quia
397 3494 432 3559 et
449 3488 645 3585 pulverem,
663 3489 725 3586 qui
739 3489 790 3562 eis
805 3513 851 3562 ex
868 3490 927 3564 via
944 3490 1116 3584 adhaesit,
1135 3491 1173 3563 in
1189 3492 1270 3566 illos

188 3591 360 3687 rejiciunt,
379 3593 472 3664 unde
492 3600 715 3688 cognoscant,
741 3593 805 3666 hos
832 3617 900 3690 per
920 3593 1015 3668 viam
1032 3591 1155 3668 eorum
1173 3602 1270 3671 tran·

188 3701 327 3768 seuntcs
345 3697 390 3768 ad
409 3719 469 3770 eos
488 3719 695 3770 reversuros
715 3721 794 3770 esse
807 3695 833 3771 ⁵.
861 3697 932 3787 Qui
952 3697 1137 3796 pulverem
1154 3700 1269 3796 justo·

189 3823 265 3871 rum
283 3799 471 3874 remissum
489 3802 677 3898 accipiunt,
695 3801 765 3874 nisi
783 3809 1047 3896 convertantur,
1073 3803 1267 3878 vindictam

147 3919 149 3922 ’
190 3927 324 4000 quoque
350 3911 531 3978 merentur
557 3906 749 4002 justorum,
775 3907 837 4003 qui
863 3905 1023 4004 pulvere,
1049 3929 1120 3978 non
1147 3914 1266 3983 autern

264 4138 290 4194 1.
310 4137 360 4196 Ita
373 4137 560 4214 probabilius
572 4141 664 4216 juxta
682 4140 749 4198 cod.
763 4143 797 4200 B.
812 4142 991 4202 Lectionum
1014 4141 1123 4201 codd
1147 4143 1179 4201 et
1197 4147 1265 4202 tex·

190 4219 234 4354 {uba
248 4215 388 4294 impressi
402 4219 526 4277 Aucher
539 4221 633 4278 vortit
645 4241 652 4279 z
665 4220 706 4278 Et
718 4220 802 4279 lavat
817 4221 941 4281 calicem
960 4238 1048 4281 suurn
1064 4223 1181 4282 cunctis
1194 4242 1263 4300 par·

160 4347 163 4370 ,
202 4313 210 4350 1
232 4313 277 4352 us.

263 4377 291 4431 2.
311 4374 361 4433 Ad
375 4373 502 4434 verbum
515 4399 522 4436 z
536 4377 597 4436 Per
609 4378 811 4437 nativitatem.

263 4456 291 4511 3.
311 4453 461 4513 Nimirum
474 4459 627 4532 tamquam
638 4458 768 4534 judices.
