3344 5200
1243 379 1315 449 263

222 512 260 578 11
276 507 488 580 versabatur
515 507 554 580 in
582 507 756 604 corpore¹
778 509 874 582 cruci
902 508 1021 602 affixo,
1039 531 1084 580 ne
1113 506 1193 604 quis
1212 506 1317 580 luxu-

223 609 316 682 riose
334 611 372 682 in
391 633 537 706 corpore
569 619 851 686 conversaretur.
883 613 1123 686 Mortuusest
1149 634 1212 682 suo
1241 633 1317 684 cor-

222 735 309 808 pore
337 711 469 787 mundo
500 719 633 806 nostro,
652 721 692 786 ut
725 739 789 787 suo
820 739 967 812 corpore
999 713 1131 788 mundo
1159 737 1223 786 suc
1253 737 1345 799 nos,

223 815 431 908 vivificaret.
457 815 688 904 Mortificavit
713 818 823 890 vitam
849 818 979 914 carnis,
998 843 1043 890 ne
1071 841 1135 889 nos
1155 841 1219 922 per
1241 839 1318 889 cer-

224 942 306 991 nam
325 919 515 992 carnaliter
533 919 706 992 vivamus.
721 921 854 994 Factus
872 928 927 994 est
944 921 1126 1016 magister,
1143 943 1214 992 nen
1233 919 1319 992 alie-

224 1021 281 1094 nis
300 1022 495 1114 doloribus,
513 1023 576 1094 sed
593 1023 740 1118 propria
766 1024 932 1119 passione
950 1025 1099 1116 docens;
1127 1023 1204 1119 ipse
1223 1022 1318 1094 enim

224 1125 324 1220 prius
343 1124 501 1220 gustavit
527 1125 811 1218 amaritudinem,
830 1134 871 1198 ut
897 1150 962 1199 nos
991 1127 1144 1218 doceret,
1162 1150 1234 1198 non
1252 1149 1318 1222 per

225 1250 366 1321 nomen,
383 1228 447 1300 sed
477 1251 542 1322 per
569 1228 771 1324 passionem
801 1229 981 1302 hominem
1008 1230 1083 1326 ejus
1101 1229 1317 1324 discipulum

227 1329 305 1403 fieri
335 1353 451 1426 posse.
483 1328 602 1417 Quum
620 1331 697 1426 ipse
729 1337 786 1404 est
817 1332 879 1404 ille
911 1333 1051 1428 amplus
1081 1331 1191 1425 lucus,
1218 1331 1318 1426 cujus

230 1435 389 1530 spacium
405 1431 588 1506 sufficiens
605 1434 673 1505 1111
691 1434 787 1505 omni
812 1434 1029 1532 plenitudini
1047 1433 1279 1531 corporaliter
1292 1433 1320 1526 ²,

226 1535 339 1608 factus
358 1542 413 1608 est
431 1543 617 1630 angustus,
635 1543 675 1608 ut
693 1536 719 1607 ii
737 1537 798 1632 qui
817 1562 861 1611 ex
881 1539 1107 1611 simulatione
1127 1535 1320 1633 discipulos

228 1639 304 1734 ejus
336 1639 415 1712 fieri
441 1637 588 1733 vellent,
619 1637 813 1736 discipulos
840 1643 916 1738 ejus
945 1642 1023 1715 fieri
1049 1639 1318 1736 impedirentur.

231 1740 412 1838 Saporem,
427 1766 532 1838 quern
550 1741 588 1813 in
605 1743 769 1818 omnibus
787 1745 954 1834 ostendit,
969 1745 1076 1816 etiam
1089 1743 1192 1816 nobis
1209 1743 1319 1815 dedit.

201 1938 203 1943 Ι
228 1843 312 1919 Alia
330 1852 385 1920 est
401 1844 565 1943 quaestio
582 1845 626 1918 de
645 1869 687 1918 eo
705 1847 768 1943 qui
789 1848 956 1944 apparuit
972 1847 1010 1921 in
1036 1847 1169 1920 mundo
1197 1853 1233 1918 et
1250 1845 1322 1918 alia

229 1954 285 2020 est
302 1945 486 2045 persuasio
506 1949 549 2020 de
567 1972 611 2020 eo
629 1951 786 2045 quierat
813 1950 850 2022 11
868 1957 1062 2048 apparente
1077 1949 1104 2022 ³.
1123 1950 1168 2023 In
1190 1949 1322 2022 mundo

229 2058 309 2124 erat
325 2053 355 2124 is
374 2053 436 2148 qui
454 2075 563 2149 supra
579 2053 752 2126 mundum
769 2061 840 2126 est..

330 2155 490 2229 Verbum
508 2149 672 2228 ueritatis
690 2156 845 2230 venitin
867 2157 1040 2230 mundum
1063 2162 1098 2228 et
1126 2154 1322 2228 secundum

227 2279 327 2329 suam
345 2253 544 2352 veritatem,
563 2283 653 2354 quae
672 2259 716 2331 ad
734 2284 799 2332 nos
828 2259 1000 2358 spectatl,
1018 2284 1084 2334 nos
1104 2259 1258 2351 edocuit,
1281 2265 1322 2330 ut

228 2375 363 2433 cum'eo
378 2362 611 2435 ambulemus.
637 2385 653 2420 α
669 2361 791 2456 Ρ1111,
804 2364 865 2458 ait,
880 2371 1034 2460 augusta
1052 2362 1173 2436 11115.
1189 2361 1322 2434 Trans--

227 2461 394 2538 formarit
413 2487 450 2535 se
465 2465 643 2552 Dominus
670 2475 854 2562 assumpta
871 2481 1000 2539 natura
1025 2466 1256 2557 humanans
1277 2467 1321 2537 ab

228 2567 846 2660 11,111111111111111,111111111111
876 2570 1019 2642 domurn
1050 2567 1193 2660 mundi,
1221 2566 1322 2662 cujus
1356 2601 1358 2606 v

222 2665 400 2764 spoliator
418 2676 483 2742 111.
503 2671 644 2742 Rursus
664 2671 765 2742 exuit
783 2678 914 2744 statum
933 2671 1098 2744 1111111111
1124 2670 1260 2758 mundi,
1279 2693 1323 2741 ne

227 2792 309 2843 eurn
337 2772 376 2844 in
405 2773 477 2844 hoc
503 2773 635 2846 mundo
667 2781 841 2857 tenerent.
880 2775 960 2848 «Et
986 2772 1024 2846 in
1050 2799 1118 2868 1111,
1146 2773 1206 2866 111,
1233 2771 1324 2844 nihil

228 2896 332 2946 suum
363 2875 572 2950 1111111116.
600 2877 672 2950 seo
702 2877 856 2950 mundus
887 2901 933 2950 111
965 2877 1152 2973 paululum
1179 2874 1323 2972 quidem

229 2978 401 3073 temporis
418 2979 530 3051 vitam
547 2981 624 3077 ejus
654 2981 831 3052 sustinere
859 2980 986 3076 potuit,
1005 2979 1089 3076 quia
1111 2977 1325 3075 cupiditates

228 3079 306 3173 ejus
324 3081 425 3157 brevi
443 3081 505 3154 illo
523 3087 695 3180 tempore,
714 3107 783 3178 quo
802 3083 979 3180 apparuit,
993 3084 1069 3180 jam
1097 3088 1199 3155 erant
1224 3082 1324 3154 inve-

227 3188 364 3258 teratae
382 3191 419 3256 et
436 3185 541 3279 quasi
566 3210 612 3258 ex
629 3191 807 3259 vetustate
835 3188 1016 3284 corrumpi
1041 3190 1231 3282 coeperant
1243 3183 1271 3275 ⁷,
1289 3190 1326 3254 et

228 3287 383 3361 cumbis
401 3288 508 3360 etiam
526 3287 600 3382 ille,
619 3287 678 3386 qui
699 3312 763 3387 per
781 3313 841 3362 eas
860 3293 1043 3386 regnabat,
1062 3289 1188 3385 eisque,
1206 3287 1324 3360 omnia

311 3570 340 3625 1.
359 3569 409 3626 Ita
422 3569 453 3626 in
467 3571 534 3628 cod.
552 3573 587 3628 B.
602 3573 638 3628 ln
654 3575 721 3632 cod.
737 3575 778 3632 A:
795 3573 1013 3631 «Versabatur
1037 3573 1066 3630 in
1088 3571 1188 3630 medio
1215 3587 1322 3645 eorpo-

229 3663 297 3702 rum
311 3651 457 3720 tanquam
473 3650 638 3709 crucifixus
652 3671 677 3710 1.

312 3725 340 3782 2.
362 3725 408 3782 uf.
424 3727 495 3784 (lon.
510 3731 539 3799 2,
553 3733 581 3786 a.

311 3805 340 3858 3.
361 3801 407 3860 uf.
421 3805 510 3862 Hunc
534 3806 632 3864 locum
648 3806 831 3865 dechar-ita
845 3809 957 3867 vertit:
972 3807 1042 3866 Alia
1056 3809 1105 3864 est
1128 3805 1269 3882 quaestio
1284 3805 1322 3862 de

231 3879 422 3955 apparitione
436 3883 504 3958 ejus
518 3885 550 3940 in
564 3883 686 3955 mundo,
702 3885 826 3944 aliaest
849 3887 1010 3963 persuasio
1025 3885 1062 3944 dc
1086 3883 1190 3956 futura
1205 3883 1324 3959 appari·
1362 3893 1368 3902 “

233 3959 317 4018 tione
331 3961 411 4036 ejus.

312 4053 340 4108 4.
362 4049 411 4108 Ad
426 4053 571 4110 verbum:
590 4076 600 4104 a
617 4053 703 4120 Quae
719 4054 827 4114 adnos
843 4059 919 4114 estu
946 4058 1015 4116 vel:
1032 4082 1045 4112 u
1060 4075 1137 4132 quae
1162 4052 1243 4130 apud
1265 4071 1321 4110 nos

234 4131 282 4185 ast
294 4147 319 4187 1.
334 4128 448 4188 Sensus
464 4145 532 4186 essa
547 4130 684 4189 videtur:
700 4131 790 4190 Suam
803 4135 975 4208 veritatem,
993 4139 1143 4212 quatenus
1159 4151 1225 4192 eam
1241 4147 1327 4188 corn·

217 4220 219 4223 ·
233 4206 424 4280 prehendere
440 4208 602 4284 possimus,
616 4228 673 4268 uos
687 4211 821 4271 edocuit.

313 4287 342 4344 5.
362 4285 504 4358 1111111,
522 4290 566 4345 14.
599 4293 618 4363 j

315 4367 343 4420 6.
364 4366 449 4423 Ionu.
466 4367 512 4439 14,
528 4369 575 4424 30.
997 4411 1000 4416 ·

315 4444 341 4500 l.
364 4443 430 4503 Hoc
444 4444 572 4502 verbum
587 4445 617 4503 in
632 4446 697 4505 solo
714 4447 780 4507 cod.
795 4448 820 4506 B
834 4448 957 4526 legitur.
