3330 5200
1224 375 1293 449 115
1331 425 1335 432 -

196 510 269 576 tem
288 496 433 578 11111111
452 503 693 578 membrorum
712 510 864 578 testatus
883 512 947 578 est.
964 503 1056 592 Quia
1073 527 1158 579 vere
1177 505 1296 582 eierat

128 661 133 670 .
195 630 326 704 corpus
343 608 535 706 palpabile,
554 607 619 678 1111
635 631 764 704 corpus
782 607 981 697 madefecit,
1010 608 1156 680 siccavit
1174 616 1210 680 et
1227 633 1293 682 un-

197 709 261 780 xit.
281 707 433 783 Plorent
452 733 537 804 ergo
556 711 778 806 poenitentes
797 717 834 782 11
851 719 1055 806 peccatores
1074 711 1233 798 doleant,
1252 719 1294 784 11

196 811 347 884 forsitan
365 837 430 908 per
456 820 595 910 portam
623 821 784 909 apertam
802 813 957 908 ingressi
984 813 1030 884 ad
1048 836 1132 885 eum
1157 814 1293 908 pertin·

198 920 296 1008 gant.
325 915 373 988 Et
390 916 453 1012 qui
478 917 589 989 vitam
607 923 737 1008 amant,
760 923 874 1007 orent,
902 916 987 1010 quia
1003 915 1140 1012 apertio
1166 924 1293 1011 portae

199 1017 343 1088 clausae
360 1019 610 1114 evangelizata
637 1025 692 1090 est
718 1019 770 1090 eis
788 1019 849 1113 qui
867 1019 906 1090 in
924 1019 1124 1090 certamine·
1135 1041 1199 1090 suo
1219 1042 1292 1094 non

197 1119 337 1215 operati
365 1129 450 1193 sunt
475 1129 512 1194 et
538 1121 740 1194 mercedem
765 1123 939 1194 bonorum
965 1143 1112 1216 operum
1135 1121 1203 1194 sibi
1221 1143 1293 1192 non

198 1231 461 1318 compararunt.

302 1323 500 1421 Lacrymae
536 1325 743 1422 peccatricis
779 1324 1040 1398 descenderunt
1065 1331 1103 1397 et
1128 1324 1296 1404 laverunt

198 1426 329 1518 locum,
355 1429 417 1500 ubi
444 1429 631 1524 quingenti
657 1427 713 1500 1111
748 1428 885 1502 denarii
912 1429 1112 1502 debitorum
1148 1451 1294 1500 suorum

200 1529 324 1625 scripti
343 1539 455 1603 erent.
475 1531 605 1604 Docuit
622 1553 700 1603 eam
719 1529 928 1624 indigentia,
946 1538 990 1618 ut,
1003 1529 1168 1603 timorem
1186 1531 1295 1625 depo-

111 1675 115 1680 ·
196 1639 311 1724 neret,
338 1633 441 1705 illum
458 1634 673 1729 conspicata,
700 1633 762 1728 qui
783 1656 854 1704 non
872 1631 1065 1706 contemnit
1091 1633 1295 1728 indigentes

199 1734 454 1832 supplicantes,
483 1737 546 1808 sed
564 1739 732 1833 reprobat
755 1738 927 1831 superbos
946 1735 1179 1808 fastidientes.
1198 1735 1295 1823 Qua.-

195 1845 343 1932 propter
360 1837 535 1912 Dominus
553 1863 641 1934 erga
657 1839 806 1910 miseros
833 1861 955 1912 vocem
981 1861 1081 1910 suam
1100 1838 1137 1908 in
1155 1838 1294 1912 miscri-

195 1939 316 2012 cordia
333 1939 489 2014 elevavit
516 1947 552 2012 et
583 1965 622 2013 os
641 1965 743 2014 suum
763 1941 808 2012 ad
827 1940 1074 2014 remissionem
1096 1963 1183 2035 erga
1199 1940 1293 2012 indi-

197 2049 322 2136 gentes
342 2045 496 2140 aperuit,
518 2051 554 2114 et
579 2044 641 2139 qui
658 2042 727 2140 ipsi
745 2043 914 2116 honorem
933 2044 1184 2134 exhibuerunt,
1211 2042 1290 2114 lan·

196 2143 304 2238 davit,
324 2167 447 2218 curam
466 2139 595 2242 ge‘rens
614 2146 758 2237 amoris,
786 2169 892 2240 quem
910 2146 948 2218 in
965 2146 1083 2241 ipsum
1101 2147 1292 2238 habebant,

198 2267 257 2320 eos
268 2253 399 2342 autem,
417 2250 479 2344 qui
488 2249 605 2345 ipsum
615 2249 866 2341 invitaverant,
881 2247 1049 2342 confudit,
1065 2255 1185 2344 spreto
1196 2271 1292 2322 amo-

197 2371 247 2441 re,
257 2375 365 2444 quem
376 2375 463 2446 erga
474 2352 592 2450 ipsum
601 2351 788 2426 habebant.
804 2351 929 2422 Fidem
940 2351 1101 2424 mulieris
1111 2351 1293 2427 laudando

195 2449 232 2522 in
255 2453 440 2546 publicum
466 2452 636 2550 produxit
655 2459 691 2526 et
712 2453 889 2548 cogitatus
916 2453 1102 2526 Pharisaei
1138 2476 1291 2549 conque·

195 2555 307 2626 rende
324 2557 491 2652 patefecit
505 2563 541 2628 et
559 2555 766 2628 diffamavit.
797 2557 928 2628 Factus
956 2564 1011 2628 eet
1038 2556 1197 2628 medicus
1216 2579 1294 2628 cre·

197 2655 368 2751 dentium,
387 2660 471 2754 quia
497 2659 575 2755 ipse
603 2658 761 2730 omnium
779 2664 923 2730 sanator
951 2665 1016 2750 est,
1043 2665 1079 2728 et
1105 2658 1219 2731 factus
1237 2666 1294 2731 est

190 2758 304 2852 judex
324 2769 542 2834 secretorum
566 2761 787 2856 cogitatuum
808 2759 963 2857 ejusqui
983 2783 1064 2832 eum
1081 2783 1126 2832 ne
1145 2761 1294 2834 manife-

196 2869 252 2934 sta
270 2863 416 2958 quidem
436 2866 525 2937 scire
544 2870 700 2960 putarat.

299 2964 436 3039 Misit
493 2990 569 3040 111
622 2966 758 3040 binos
812 2963 868 3036 ad
912 2963 1290 3038 similitudinem

195 3091 334 3140 suam.
363 3068 464 3165 (Luc.
486 3072 541 3160 10,
562 3070 662 3162 1-18)
689 3068 712 3138 1.
732 3091 761 3139 1.
782 3068 873 3139 11111
892 3067 1005 3162 gratis
1025 3066 1101 3138 sine
1124 3065 1288 3139 mercede

193 3171 423 3266 praedicavit,
445 3172 496 3244 ita
515 3179 552 3243 et
570 3171 640 3268 ipsi
657 3171 800 3262 faciant,
827 3176 868 3241 ut
894 3170 1000 3242 dicit:
1029 3169 1195 3242 Gratis
1222 3192 1289 3240 ec·

193 3275 412 3370 cepistis,
441 3273 595 3369 gratis
623 3274 741 3346 date.
769 3274 817 3344 Et
846 3275 1100 3368 ujuntasuam
1125 3271 1291 3344 similitu-

192 3375 344 3450 dincms
374 3377 477 3470 dixit,
505 3377 527 3448 i.
547 3401 577 3450 e.
595 3383 635 3448 ut
653 3375 902 3472 praedicarent
919 3375 1108 3448 veritatem
1137 3382 1174 3447 et
1196 3375 1288 3446 lace·
1401 3379 1406 3395 ’

188 3485 270 3550 rent
297 3479 402 3575 signa
418 3485 456 3550 et
472 3479 567 3552 mala
592 3485 801 3575 paterentur
822 3477 931 3573 juxta
958 3501 1058 3550 suam
1086 3476 1290 3550 similitudi-

188 3603 282 3674 nem,
300 3581 404 3653 etita
422 3583 539 3678 ipsum
558 3581 660 3678 quasi
677 3581 715 3651 in
732 3581 888 3674 imagine
907 3581 1154 3676 depingerent.

226 3771 231 3782 .
293 3683 364 3772 Qui
380 3685 483 3780 quasi
500 3685 545 3756 de
564 3684 662 3756 coelo
681 3684 820 3776 cecidit,
840 3685 878 3754 in
896 3690 994 3755 terra
1017 3706 1054 3754 se
1072 3681 1187 3755 voluit
1207 3684 1287 3755 abs·

189 3786 354 3880 condere3
373 3787 467 3882 quod
480 3811 565 3860 vero
580 3786 613 3857 ei
626 3809 698 3857 non
715 3786 880 3882 permisit
898 3809 991 3880 aqua
1001 3792 1037 3856 11
1047 3784 1204 3880 sanguis,
1222 3784 1286 3879 qui

190 3911 298 3985 super
316 3911 395 3960 earn
414 3913 460 3960 ex
477 3889 589 3962 latere
604 3888 847 3961 Vivificatoris
866 3888 1080 3960 defluebant.
1111 3887 1203 3959 Cum
1220 3908 1287 3981 per

189 4000 272 4064 a'e'ra
289 3990 438 4084 volaret,
452 3991 534 4062 inde
548 4013 688 4087 quoque
703 3989 877 4086 expulsus
892 3997 959 4085 est,
972 3989 1124 4062 Domino
1142 3988 1287 4062 brachia

190 4093 228 4164 in
247 4117 350 4166 eruce
369 4094 597 4166 extendente.
626 4091 744 4179 Quum
771 4093 912 4189 fugiens
930 4094 969 4165 in
985 4115 1101 4165 arcem
1123 4114 1224 4162 suam
1246 4112 1285 4160 se

189 4197 389 4292 conjiceret,
407 4197 459 4270 ibi
476 4218 616 4292 quoque
636 4195 670 4266 ei
695 4193 811 4267 illusit
828 4197 976 4268 dicens:
1006 4217 1020 4252 e
1036 4193 1175 4266 Cadent
1193 4215 1214 4263 1
1230 4190 1284 4262 11·

190 4305 263 4372 1111
281 4307 343 4372 tuo
360 4299 461 4372 mille
483 4307 519 4372 11
537 4299 659 4370 decern
677 4297 823 4374 11111111
845 4306 909 4372 111.
927 4298 951 4372 ¹.
978 4297 1026 4374 Et
1043 4319 1151 4394 quum
1169 4293 1285 4398 abiret
1311 4300 1314 4308 “

237 4573 244 4580 ,
265 4505 299 4585 Ι1.
320 4503 493 4579 Ρ1111.90,
506 4505 533 4560 1.
