3330 5200
360 337 427 414 lac
451 412 452 416 ,

357 487 449 558 quae
466 463 653 537 veritatem
679 469 872 559 operantur
891 467 926 533 et
945 483 1005 538 eos
1021 459 1219 554 imitantur,
1244 461 1308 557 qui
1334 461 1451 538 vocati

357 567 491 639 relictis
518 567 681 640 omnibus
708 566 850 660 sequuti
875 571 958 638 sunt
987 588 1069 636 eum
1084 565 1108 636 ¹.
1145 564 1450 663 Tri'gesilmus

357 693 469 742 vero
497 675 540 740 et
572 669 909 762 sexagesimus
937 673 981 738 et
1008 667 1304 742 centesimus
1330 667 1449 742 fruc-

356 777 431 844 tus
457 771 587 845 dicitur
614 772 658 843 de
685 794 791 843 cursu
818 771 913 842 vitae
939 770 977 842 in
1003 771 1169 867 pueritia,
1193 769 1384 865 juventute
1412 780 1448 846 et

358 881 552 971 senectute.
578 875 659 947 Etsi
684 879 782 946 terra
807 897 878 946 una
905 873 952 946 sit
977 878 1014 944 at
1040 897 1162 946 semen
1179 897 1302 967 unum,
1328 881 1448 948 tamen

358 975 533 1052 Dominus
550 978 617 1050 hoc
630 977 734 1048 modo
745 977 854 1071 juxta
870 975 1132 1070 longitudinem
1150 977 1320 1072 temporis
1339 979 1446 1051 etiam

259 1113 260 1117 ¹
357 1101 546 1152 numerum
560 1081 743 1154 diversum
761 1085 953 1174 computat,
971 1102 1081 1176 quum
1115 1077 1287 1152 fructibus
1310 1103 1449 1177 quoque

351 1204 450 1269 ‚unus
469 1182 574 1256 alteri
592 1188 760 1279 praestet.
776 1181 847 1253 Sed
859 1183 973 1254 bonus
986 1181 1085 1254 Deus
1103 1181 1329 1253 clementiam
1348 1206 1449 1256 suam

357 1286 524 1379 ostendit,
542 1289 635 1382 quia,
654 1285 797 1380 quando
819 1283 866 1355 ad
892 1283 1094 1357 mercedem
1121 1284 1362 1380 accipiendam
1388 1309 1449 1360 ve-

356 1396 498 1480 nerunt,
516 1387 702 1462 novissimi
720 1409 800 1458 cum
817 1386 950 1484 primis
967 1385 1153 1482 aequalem
1171 1388 1374 1460 mercedem
1392 1413 1449 1462 aa·

359 1489 542 1588 ceperunt.

396 1593 606 1666 Porrot
591 1599 689 1664 terra
706 1593 800 1664 bona
812 1599 850 1664 et
862 1589 982 1688 opima
998 1591 1066 1663 fuit
1051 1593 1184 1688 tquia„
1198 1572 1360 1710 quamvis
1378 1617 1451 1666 una

358 1703 454 1768 esset
440 1699 566 1768 tbona
582 1696 760 1788 voluntaS,
777 1717 868 1789 quae
883 1716 964 1766 cum
977 1695 1108 1789 gaudio
1123 1696 1261 1772 semina
1275 1698 1449 1768 bonorum

356 1799 523 1896 suscepit,
550 1805 670 1870 tamen
697 1797 840 1870 diverso
865 1796 970 1868 modo
996 1797 1232 1893 trigesimum,
1266 1799 1449 1894 sexagesi-

354 1925 452 1974 mum
469 1910 531 1974 aut
549 1899 783 1978 centesimum
799 1901 952 1972 fructum
971 1901 1064 1972 iecit
1092 1900 1230 1988 Quibus
1248 1903 1368 1974 verbis
1387 1903 1448 1974 do-

355 2012 423 2098 oet,
451 2010 574 2076 omnes
592 2009 713 2098 partes
732 2010 850 2074 terrae
871 1993 980 2097 juxta
998 2027 1098 2074 suam
1116 2004 1313 2098 potentiam
1328 2009 1448 2076 'suum

353 2107 507 2178 fructum
525 2107 630 2178 edere
645 2111 681 2176 et
693 2106 800 2200 juxta
817 2105 987 2178 virtutem
1011 2129 1111 2178 suam
1129 2105 1167 2176 in
1186 2107 1316 2202 gaudio
1334 2107 1448 2181 inere·

354 2217 476 2282 menta
489 2231 626 2305 capere,
641 2209 732 2279 siout
745 2207 811 2300 illi,
823 2207 884 2302 qui
898 2207 1054 2304 quinque
1073 2209 1210 2280 talenta
1222 2219 1446 2306 acceperunt,

353 2317 390 2382 et
408 2311 530 2383 deoem
548 2311 677 2382 lucrati
694 2317 788 2404 sunt,
814 2309 932 2406 quivis
952 2311 1148 2384 secundum
1173 2313 1355 2409 propriam
1373 2314 1446 2386 vir·

352 2418 476 2486 tutem.
503 2415 598 2486 Nam
616 2413 677 2508 qui
694 2413 848 2486 fructum
867 2414 1100 2487 centesimum
1119 2413 1235 2508 affert,
1252 2415 1447 2512 perfectam

354 2513 564 2588 electionem
590 2517 722 2588 habere
740 2515 894 2631 videtur,
922 2517 1006 2610 quia
1031 2516 1248 2612 baptismum
1266 2519 1390 2590 mortis
1409 2519 1448 2590 in

353 2618 437 2690 test
412 2618 598 2691 t1monium
612 2617 681 2688 Dei
699 2619 844 2713 accepit
862 2618 1136 2713 Sexagesimum
1155 2627 1217 2692 aut
1218 2643 1274 2692 em
1202 2621 1472 2705 tiructum

353 2721 508 2795 afferunt
510 2779 518 2816 ,
493 2721 598 2816 tqui
611 2721 727 2793 vocati
741 2743 870 2816 corpus
891 2745 995 2792 suum
1013 2723 1178 2794 tormsnt
1155 2729 1200 2794 rs
1215 2729 1251 2794 e
1238 2723 1446 2796 tdoloribus

351 2847 418 2920 pro
436 2825 513 2897 Deo
533 2830 629 2896 suot
615 2824 849 2916 tradiderunt,
869 2824 914 2894 ad
934 2831 1085 2896 mortem
1105 2833 1225 2898 autem
1241 2849 1307 2922 pro
1324 2825 1445 2898 Domi-

350 2949 397 2998 no
417 2950 484 3002 suo
498 2950 570 3000 non
587 2933 839 3022 pervenerunt,
862 2933 1110 3000 verumtamen
1142 2951 1256 3022 usque
1274 2928 1319 3000 ad
1337 2927 1444 3000 linem

351 3029 448 3100 vitae
476 3029 561 3104 boni
587 3035 872 3123 permanserunt.
901 3029 1105 3122 Trigesima
1130 3039 1251 3103 autem
1277 3054 1361 3126 pars
1390 3037 1444 3104 est

348 3131 442 3204 fruct
429 3139 486 3206 tus
505 3138 591 3228 quot
577 3131 733 3203 tidianus
750 3133 896 3204 bonaet
882 3139 1013 3226 terrae,
1028 3155 1122 3227 quae
1140 3134 1178 3206 hi
1197 3139 1291 3226 sunt,
1318 3157 1380 3308 qm
1371 3133 1444 3205 ad

347 3234 558 3407 religionem
587 3234 723 3306 Christi
750 3233 855 3306 electi
827 3241 965 3307 tsunt
950 3242 1029 3306 tet
1054 3235 1154 3307 nullo
1180 3236 1439 3333 persecutionis

348 3344 507 3452 tempore
527 3339 579 3409 eis
604 3336 859 3432 supervenient
861 3361 879 3408 e
898 3339 1111 3434 perbonam
1133 3337 1234 3410 suani
1251 3361 1441 3412 conversa-

347 3439 481 3511 tionem
500 3439 657 3512 coronati
675 3445 769 3530 sunt,
787 3446 828 3510 ut
845 3446 942 3514 terra
956 3445 1144 3514 coronatur
1157 3441 1331 3514 fructibus
1350 3441 1436 3534 suis,

345 3541 433 3636 quin
450 3548 570 3614 tamen
587 3542 632 3612 ad
651 3541 859 3613 electionem
877 3543 1040 3638 martyrii
1066 3549 1103 3613 et
1116 3543 1346 3616 confessionis
1366 3544 1438 3616 sint

345 3645 473 3716 vocati.
501 3646 549 3716 Et
575 3645 669 3740 quod
688 3644 795 3716 dicit:
822 3645 932 3741 Ipse
960 3645 1128 3739 nescit,
1156 3647 1277 3742 quod
1303 3652 1436 3719 terra

346 3769 403 3817 ex
431 3771 477 3819 se
503 3749 608 3844 ipsa
633 3749 729 3818 fert
754 3748 971 3843 fructum,
1006 3773 1078 3822 non
1114 3773 1155 3820 ac
1182 3750 1213 3821 si
1239 3749 1433 3845 ignoraret,

346 3849 441 3944 quod
459 3849 645 3946 plantavit,
672 3851 735 3922 sed
753 3851 837 3946 quia
854 3852 892 3923 in
917 3851 983 3924 hoc
1006 3875 1070 3924 suo
1097 3874 1205 3949 opere
1222 3875 1295 3924 non
1313 3851 1437 3924 defati-

237 4019 245 4036 ,
349 3958 466 4046 gatur.

318 4099 349 4114 ··
450 4053 1433 4148 Domine,nonnetusemensementissano-

347 4157 384 4229 ti
412 4158 662 4230 seminasti
689 4157 735 4230 in
762 4183 875 4254 agro
902 4167 992 4254 tuo,
1022 4160 1144 4233 unde
1177 4183 1290 4256 ergo
1318 4159 1436 4231 ziza-

428 4391 454 4444 1.
475 4387 573 4446 Maru.
592 4391 637 4460 19,
653 4391 699 4446 27.
