3268 5220
1203 373 1249 448 53

160 503 348 600 defecisse,
369 511 408 579 et
426 502 540 594 scivit,
557 524 628 576 non
646 500 722 576 sine
740 524 848 576 causo
865 526 948 578 eum
964 502 1016 576 ad
1026 502 1091 579 has
1108 505 1253 604 nuptias

159 609 316 684 venisse.
336 607 499 683 Graecus
516 607 657 682 scribit:
680 606 856 680 Reoubuit
882 613 918 680 et
945 607 1072 681 defecit
1088 608 1212 683 vinum
1226 611 1253 686 ¹.

160 713 214 788 Et
230 736 341 810 quum
357 719 472 787 mater
489 711 555 785 hoc
568 711 602 784 ci
614 709 776 805 dixisset,
794 711 977 808 respondit
994 712 1119 786 Iesus:
1141 714 1254 788 “Non

163 817 258 892 mihi
273 824 416 914 tempus
434 815 580 890 advenit
596 855 626 906 a,
644 813 681 886 id
698 821 764 910 est,
791 821 886 888 certe
904 815 1058 889 advenit.
1075 816 1192 891 Maria
1208 821 1254 893 ab

160 945 207 994 ec
226 921 451 1014 edocebatur,
469 919 520 994 ibi
537 920 678 1014 signum
696 941 777 990 eum
794 917 968 995 facturum
987 943 1076 1013 esse,
1095 929 1131 994 et
1144 946 1254 1018 quum

159 1025 267 1098 Iesus
286 1024 540 1098 dubitationem
557 1025 633 1120 ejus
654 1021 904 1119 vituperasset,
931 1022 1024 1095 dixit
1044 1048 1088 1098 ea
1113 1025 1252 1100 servis:

163 1151 181 1186 a
197 1128 453 1225 Quodcumque
471 1127 604 1200 dixerit
619 1125 732 1221 vobis,
750 1125 853 1198 facite
870 1125 919 1201 ²22.

268 1229 383 1306 Porro
401 1231 517 1306 Maria
533 1231 640 1303 anxia
656 1229 766 1304 finisse
784 1228 924 1324 dicitur,
943 1229 1027 1328 quia
1043 1230 1070 1302 ii
1083 1231 1144 1328 qui
1160 1255 1252 1330 nup-

158 1329 233 1409 tias
258 1335 496 1430 celebrabant,
523 1337 567 1408 ob
594 1335 670 1432 ejus
696 1333 888 1406 adventum
905 1333 1028 1408 vinum
1045 1333 1173 1410 afferre
1191 1337 1252 1410 de·

158 1441 306 1533 bebant,
321 1446 374 1512 et:
389 1441 566 1537 Spernent
578 1444 626 1530 te,
640 1438 701 1530 ait,
711 1438 795 1534 quia
803 1444 865 1510 tua
874 1460 980 1512 causa
991 1439 1112 1513 irrisui
1119 1439 1252 1516 haben·

159 1551 233 1616 tur.
251 1543 297 1616 In
314 1551 553 1640 contemptum
579 1565 639 1616 eos
665 1541 851 1635 induxisti,
869 1543 953 1639 quia
968 1543 1124 1638 audient,
1137 1550 1173 1616 te
1190 1567 1252 1618 ve·

160 1647 276 1740 nisse,
293 1670 401 1742 quum
418 1647 471 1720 eis
487 1647 611 1720 vinum
629 1643 825 1718 defecisset.

267 1749 365 1828 Dicit
390 1751 436 1823 ad
463 1773 566 1823 eum:
593 1749 677 1844 Fili,
704 1748 828 1822 vinum
853 1772 926 1821 non
951 1749 1083 1824 habent
1107 1751 1176 1825 hio.
1203 1751 1254 1825 Et

159 1855 251 1928 dicit
277 1854 312 1927 ei
341 1856 468 1928 Iesus:
496 1854 590 1943 Quid
615 1861 671 1926 est
695 1851 783 1924 mihi
808 1859 844 1924 et
869 1852 934 1925 tibi
955 1853 1115 1927 mulier?
1155 1855 1251 1944 Quid

157 1959 249 2033 moli
266 1958 384 2033 Maria
401 1959 571 2032 dixerat?
590 1957 718 2050 Maria,
736 1955 845 2052 ajunt,
863 1958 908 2029 de
926 1959 1036 2030 verbo
1055 1959 1131 2056 ejus
1150 1955 1252 2032 dubi·

156 2065 263 2158 tavit,
289 2063 374 2159 quia·
399 2062 512 2137 dixit:
538 2061 673 2136 Vinum
690 2084 761 2133 non
777 2060 909 2134 habent
925 2061 1008 2156 hic,
1035 2062 1137 2136 ideo:
1156 2062 1252 2152 Quid

157 2167 262 2262 mihi,
279 2167 341 2261 ait,
367 2171 404 2238 et
428 2163 495 2241 tibi
519 2164 682 2238 mulier?
708 2164 860 2237 Mariam
886 2163 1120 2259 intellexisse,
1148 2165 1253 2242 Chri·

159 2278 258 2344 stum
275 2267 485 2345 miraculum
503 2293 581 2342 esse
597 2269 783 2362 facturum,
809 2293 919 2364 quum
937 2269 970 2341 ei
987 2269 1039 2342 ita
1060 2272 1253 2368 responde·

160 2381 230 2469 ret,
249 2399 297 2446 ex
314 2399 356 2448 eo
373 2381 482 2471 patet,
500 2373 593 2469 quod
611 2371 703 2456 dixit
720 2371 765 2444 ad
782 2371 983 2446 ministros:
999 2373 1252 2472 Quodcumque

159 2478 298 2552 dixerit
313 2477 426 2571 vobis,
445 2477 558 2551 facite.
577 2476 736 2550 Rursus:
757 2498 772 2533 s
790 2475 873 2549 Non
885 2477 973 2550 mihi
985 2483 1125 2575 tempus
1143 2478 1252 2554 edve-

159 2581 220 2678 ,nit
237 2623 268 2675 e,
286 2581 465 2677 nimirum,
485 2586 672 2679 postquam
698 2580 737 2652 in
762 2580 902 2654 deserto
929 2583 1124 2677 potentiam
1151 2607 1253 2658 suam

161 2685 307 2760 inimico
336 2685 473 2758 devicto
498 2684 720 2773 monstravit,
749 2684 794 2756 ad
820 2683 963 2780 nuptias
990 2685 1184 2783 mirabiles,
1209 2695 1252 2762 ut

162 2789 268 2888 gigas
285 2789 468 2887 praeclara
482 2795 659 2885 gestimus,
677 2811 715 2861 se
728 2786 886 2860 contulit.

268 2894 417 2968 Accurit
434 2891 560 2988 Maria,
586 2897 627 2964 ut
652 2916 716 2988 pro
733 2889 919 2988 Apostolis
936 2891 1101 2966 ministra
1124 2893 1250 2968 volun·

165 2996 250 3072 tatis
268 2998 345 3096 ejus
358 2997 471 3094 lieret,
484 3003 521 3070 et
533 2995 616 3095 quia
633 2995 667 3068 ei
679 2993 826 3070 facultas
839 3018 911 3068 non
923 3004 1010 3100 crat,
1019 3019 1134 3095 neque
1147 3020 1251 3096 prae·

245 3217 274 3276 1.
295 3214 630 3276 citatumexversione
641 3214 829 3276 Graecahcc
843 3214 910 3276 loco
921 3214 1251 3296 inepteinsertumest,

167 3313 225 3355 neo
238 3295 392 3354 undenam
408 3299 560 3374 sumptum
574 3295 623 3368 sit,
638 3297 812 3374 conjectare
822 3311 957 3372 possum.

247 3377 277 3434 2.
296 3375 523 3434 Praecedentia
535 3374 579 3433 sio
592 3374 728 3451 intelligo
741 3395 748 3434 :
763 3373 862 3432 Maria
875 3391 916 3433 ex
930 3375 1063 3434 adventu
1079 3373 1194 3434 christi
1211 3375 1252 3438 ad

166 3453 290 3530 nuptias
306 3455 459 3530 cognovit,
472 3471 541 3514 eum
555 3453 735 3512 miraculum
757 3451 909 3514 facturum
931 3471 1010 3527 csso,
1031 3458 1064 3513 at
1084 3453 1204 3532 quando
1218 3457 1253 3516 et

167 3533 319 3608 quomodo
333 3533 364 3591 id
376 3533 514 3592 facturus
526 3533 619 3606 esset,
631 3530 804 3608 ignorabat.
816 3533 975 3610 Quumque
986 3533 1089 3594 vinnm
1100 3533 1253 3594 deiecisse

165 3611 296 3688 videret,
316 3611 476 3687 dubitans,
497 3615 601 3670 utrum
620 3630 700 3671 nunc
719 3611 899 3680 miraculum
917 3611 1056 3672 facturus
1071 3613 1120 3685 sit,
1140 3629 1252 3672 necno

168 3690 245 3750 dixit
264 3692 364 3750 Filio:
383 3689 497 3750 Vinum
518 3709 581 3751 non
599 3689 723 3750 habent.
745 3689 804 3760 Qui
822 3691 850 3749 ei
863 3692 1039 3768 respondit:
1059 3717 1078 3748 a
1088 3691 1158 3751 Non
1176 3691 1253 3753 mihi

167 3773 288 3850 tempus
299 3771 424 3830 advenit
432 3801 459 3845 a,
468 3771 489 3829 i.
500 3786 529 3827 e.
539 3785 601 3829 non
611 3787 687 3846 opus
698 3771 755 3843 est,
766 3773 801 3828 ut
811 3769 931 3904 tempus
944 3787 1045 3829 meum
1054 3770 1168 3846 veniat,
1178 3770 1251 3848 quia

164 3849 229 3924 jam
250 3850 349 3922 adest,
364 3853 396 3908 et
409 3849 552 3910 continuo
568 3849 665 3907 adest.
680 3848 797 3918 Quibus
814 3865 870 3908 rer
893 3850 919 3908 is
938 3849 1037 3908 Maria
1051 3850 1251 3929 edocebatur,

166 3927 326 3988 Christum
339 3946 419 3987 nunc
432 3928 612 3988 miraculum
624 3927 776 3988 iacturum
798 3942 878 4003 esse,
899 3930 931 3986 et
950 3928 1100 3990 dubitatio
1120 3930 1189 4006 ejus
1201 3948 1253 3989 re·

167 4007 425 4083 prehendebatur,
433 4007 649 4080 ettollcbatur,
657 4023 752 4083 quare
760 4005 837 4064 dixit
845 4007 943 4066 serris
951 4027 958 4066 :
967 4005 1178 4084 Quodcunque
1190 4013 1250 4070 etc.

167 4085 216 4144 Ad
229 4103 340 4146 vocem
363 4088 382 4122 “
395 4084 646 4160 dubitationem„
664 4086 696 4142 in
715 4084 846 4144 editione
865 4086 942 4144 haec
961 4087 1166 4146 adnotantur:
1186 4087 1247 4156 Qui

166 4167 238 4223 sunt
246 4165 279 4224 in
289 4164 350 4225 fide
360 4165 488 4237 tirones,
499 4181 619 4239 moneo,
628 4164 789 4224 nonnullos
800 4164 1067 4241 antiqucsPatree,
1076 4170 1140 4224 tum
1152 4165 1250 4226 orien-

164 4243 238 4302 talis
251 4247 318 4302 tum
331 4243 528 4304 occidentalis
543 4242 693 4303 ecclesiae
710 4261 926 4319 nonnunquam
942 4243 986 4302 ita
998 4245 1125 4314 meante
1144 4247 1176 4302 et
1196 4262 1250 4303 an·

163 4322 273 4384 dacter
286 4323 324 4382 de
336 4323 531 4383 immaculata
539 4322 667 4399 Virgine
677 4320 769 4399 loqui,
784 4323 866 4398 quod
879 4320 1008 4388 florente
1022 4321 1173 4381 ecclesiae
1186 4321 1248 4381 fide

164 4401 355 4478 posteriores
369 4401 530 4478 diligenter
540 4401 757 4478 emendarunt3
770 4401 861 4478 idque
875 4404 907 4462 et
920 4401 958 4462 de
968 4401 1036 4462 aliie
1045 4399 1121 4460 locis
1133 4399 1248 4462 dictum

46 4549 48 4556 Α
166 4481 406 4543 essevolumus.
