3268 5220
631 767 632 770 ‘
754 797 989 877 curua
1032 801 1079 874 v.

474 1169 645 1246 Factae
664 1179 774 1247 sunt
799 1175 994 1270 nuptiae
1012 1167 1460 1246 inOauaGalilaec·

373 1273 481 1347 rum.
505 1273 562 1348 Et
587 1299 682 1349 cum
700 1275 926 1352 Dominus
953 1301 1004 1351 eo
1028 1277 1230 1368 veniret,
1257 1271 1378 1345 dicit
1403 1268 1461 1343 ad

371 1399 475 1450 eum
500 1386 672 1455 mater:
697 1380 867 1454 Vinum
893 1407 982 1456 non
1006 1383 1181 1456 habent
1205 1378 1292 1452 hic.
1327 1372 1464 1448 Dicit

373 1478 416 1551 ei
451 1480 615 1556 Iesus:
651 1483 771 1574 Quid
806 1492 878 1558 est
912 1486 1026 1560 mihi
1052 1494 1097 1559 et
1121 1483 1223 1577 tibi,
1258 1475 1462 1554 mulier?

372 1605 463 1656 non
489 1587 600 1660 mihi
626 1593 812 1685 tempus
838 1589 1059 1664 advenit¹
1088 1587 1200 1686 (loru.
1230 1589 1263 1680 2,
1283 1584 1395 1678 1-11),
1422 1577 1462 1653 id

370 1693 448 1781 est„
465 1711 531 1785 ego
548 1715 621 1764 non
645 1691 682 1766 vi
704 1692 755 1766 eis
781 1717 838 1765 me
866 1691 1118 1790 ingero2,sed
1143 1691 1214 1788 ipsi
1239 1688 1463 1783 animadver-

368 1797 459 1886 tant,
475 1793 598 1868 vinum
616 1796 786 1870 defecisse
806 1804 847 1888 et
861 1821 982 1871 omnes
999 1799 1121 1872 bibere
1136 1799 1335 1894 expectent,
1352 1791 1463 1887 idque

369 1894 474 1990 dixit,
492 1903 533 1969 ut
549 1899 680 1973 donum
707 1901 865 1974 suumin
884 1902 995 1975 oculis
1014 1898 1166 1976 eorum³
1186 1897 1380 1998 gloriosum
1397 1917 1463 1991 ap-

368 2006 523 2096 pareret.
541 2001 831 2101 Praeproperans
859 2013 936 2078 erat
952 2005 1080 2102 Maria,
1107 2004 1238 2104 quade
1258 2023 1365 2072 causa
1382 2021 1462 2070 eam

369 2102 520 2176 edocuit.
546 2107 645 2180 Aut:
674 2109 790 2182 “Non
822 2109 911 2183 mihi
936 2117 1077 2208 tempus
1102 2106 1246 2182 aduenit
1262 2144 1291 2198 a,
1317 2109 1462 2197 tempus

369 2205 537 2280 videlicet
561 2210 686 2284 mortis
705 2211 791 2308 ejus.
813 2212 905 2300 Quia
921 2213 1087 2286 nimirum
1100 2211 1273 2286 'convivae
1294 2204 1462 2280 inebriati

370 2309 513 2406 erantl,
541 2312 571 2384 si
596 2314 699 2387 modo
724 2315 880 2390 uiolento
906 2317 999 2390 dona
1025 2342 1090 2390 sua
1114 2316 1153 2388 in
1178 2338 1238 2387 ecs
1261 2310 1457 2402 effudisset,

369 2415 618 2512 perpessiones
631 2417 695 2492 vix
713 2419 887 2493 euasisset
898 2445 906 2516 ;
919 2426 995 2494 tum
1009 2421 1104 2494 enim
1117 2419 1258 2492 initium
1269 2411 1461 2510 Evangelii

372 2519 448 2616 ejus
466 2518 571 2592 iuit5.

474 2621 523 2694 Et
535 2622 618 2720 quia
628 2622 745 2698 Maria
757 2626 945 2722 cogitabat,
960 2650 1102 2700 causam
1114 2623 1365 2699 miraculorum
1379 2621 1457 2718 ejus

371 2744 462 2818 esse,
488 2733 530 2798 ut
555 2727 764 2823 gloriamtet
779 2730 950 2805 honorem
976 2731 1071 2828 apud
1096 2731 1219 2804 turbas
1244 2725 1459 2800 Iudaeorum

369 2827 440 2902 sibi
456 2837 613 2927 pararet,
634 2831 714 2905 ideo
732 2833 847 2915 dixit:
876 2836 989 2908 “Non
1005 2835 1093 2908 mibi
1110 2841 1251 2930 tempus
1268 2828 1412 2902 advenit
1427 2867 1457 2903 a.

370 2931 513 3006 Etenim
530 2959 602 3008 non
620 2957 663 3009 ea
680 2932 827 3032 ratione,
846 2961 917 3033 qua
933 2938 1049 3012 Maria
1066 2937 1288 3036 opinabatur,
1313 2955 1391 3006 rem
1406 2931 1459 3004 fe·
1569 2960 1572 2964 ·

369 3034 420 3108 cit
432 3034 459 3132 ⁶,
479 3039 541 3111 sed
558 3039 676 3136 potius
693 3041 784 3114 hanc
810 3041 886 3136 ejus
908 3041 1156 3139 cogitationem
1182 3038 1377 3136 reprimere
1394 3057 1458 3108 vo·

369 3137 448 3214 luit.
462 3141 652 3216 Caeterum
668 3142 785 3217 Maria
801 3143 974 3241 miraculi,
987 3145 1081 3242 quod
1097 3145 1256 3218 facturus
1269 3145 1356 3235 erat,
1375 3162 1462 3212 con-¹

370 3243 445 3318 scia
468 3245 546 3339 fuit,
572 3246 656 3343 quia
669 3247 853 3345 Scriptura
870 3249 974 3322 dicit:
994 3272 1010 3307 a
1025 3250 1152 3323 Omnia
1168 3245 1401 3319 conservabat
1418 3241 1457 3316 in

369 3348 475 3422 corde
502 3373 612 3442 suos,
639 3356 676 3422 et
709 3350 865 3424 iterum:
901 3352 1233 3450 Quodcumque
1269 3345 1457 3421 dixerit

369 3453 505 3528 vobis
530 3453 673 3527 filius
699 3477 836 3550 meus,
862 3455 1022 3531 facite.
1049 3456 1151 3530 Vidit
1176 3452 1304 3548 Maria,
1329 3452 1453 3526 vinum

449 3636 477 3693 1.
495 3633 546 3692 Ad
558 3635 708 3692 uerbum:
725 3633 821 3692 “Nou
835 3633 907 3694 mihi
921 3637 1041 3712 tempus
1054 3633 1240 3713 supervenit.

447 3714 476 3771 2.
496 3713 534 3770 In
547 3712 614 3772 cod.
626 3713 670 3772 B:
683 3713 762 3773 Num
778 3713 809 3772 vi
822 3713 861 3771 ad
875 3733 928 3775 eos
942 3715 1085 3774 veniam?

446 3793 476 3850 3.
495 3791 545 3850 Ita
557 3793 589 3850 in
603 3792 669 3852 cod.
683 3793 723 3869 B,
736 3792 767 3850 iu
781 3792 848 3852 cod.
865 3794 907 3853 A:
925 3808 939 3841 st
954 3793 991 3852 Iu
1005 3793 1103 3854 oculis
1115 3795 1182 3870 ejus
1197 3790 1326 3873 (Mariae
1337 3786 1366 3868 t)
1379 3819 1407 3852 a.

445 3872 476 3928 4·
489 3869 604 3930 denter
622 3872 719 3931 verba
738 3872 803 3930 Ion.
817 3873 846 3948 2,
862 3875 919 3933 10:
942 3871 1045 3932 “Cum
1057 3871 1201 3933 inebriati
1218 3869 1366 3946 fuerint»,
1385 3867 1406 3927 i.
1420 3884 1450 3928 e.

367 3947 440 4009 vino
455 3949 558 4008 satiati
572 3953 604 4009 et
618 3950 772 4011 concitati.

447 4028 477 4086 5.
499 4024 1451 4106 Sensusessevidetur:Quietumpraedicatiollrangeliimodo

368 4109 554 4183 coeptaerat
562 4108 866 4185 etOhristusuecper
876 4108 1023 4168 miracula
1033 4123 1089 4166 nec
1097 4107 1157 4166 alia
1167 4107 1285 4166 ratione
1293 4110 1449 4182 tamquam

367 4184 454 4245 Deus
465 4189 717 4263 cognoscebatur,
728 4208 747 4246 a
759 4187 894 4247 conuiuis
906 4188 975 4246 vino
987 4186 1157 4246 calentibus
1175 4190 1329 4262 tamquam
1342 4201 1451 4260 magus

369 4263 460 4324 facile
471 4265 706 4343 occidipoterat,
715 4267 742 4325 si
751 4267 965 4342 intempestive
971 4267 1151 4325 miraculum
1160 4280 1264 4323 coram
1272 4262 1452 4323 eisfaceret.

447 4347 476 4404 6.
496 4345 600 4405 Verba
623 4359 712 4405 “rem
722 4344 795 4404 fecit
806 4375 833 4419 a,
847 4361 925 4420 quae
938 4345 969 4404 in
983 4345 1050 4404 cod.
1064 4345 1089 4402 B
1101 4345 1222 4420 desunt,
1238 4347 1270 4401 et
1289 4342 1322 4400 in
1339 4342 1406 4403 cod.
1419 4343 1449 4402 A

366 4421 428 4562 ada
440 4441 538 4562 pnanu
557 4425 762 4506 superscripta
780 4424 943 4500 habentur,
960 4424 1136 4486 necessario
1150 4441 1191 4484 ex
1205 4425 1352 4485 contextu
1366 4438 1450 4484 coru·

365 4518 387 4580 p
400 4519 439 4563 en
460 4506 572 4565 esunt.
