3330 5200
1202 375 1270 450 103

182 499 337 594 rificum,
348 499 443 598 quod
454 524 476 576 a
489 498 612 576 Deoin
629 503 897 580 retributionem
909 503 1271 615 operumimponitur,

181 605 226 678 Si
243 612 364 678 autem
381 605 481 700 dicis,
494 614 640 704 propter
653 610 841 682 coelestem
854 609 1154 682 conversationem
1167 606 1271 682 illum

184 709 400 806 prophetam
437 710 613 806 “angelus
652 736 780 788 meus„
813 737 835 785 a
865 711 1069 812 parentibus
1107 720 1271 786 vocatum

181 835 266 885 esse
286 814 332 886 de
349 813 416 886 hac
433 837 472 886 re
488 815 642 912 amplius
656 841 727 890 non
740 818 1000 890 contendemus.
1019 817 1090 890 Sed
1109 817 1153 890 de
1166 817 1270 890 Ioan-

180 939 231 988 ne
250 919 404 990 testatur
423 915 624 1015 Scriptura:
643 921 743 994 Non
770 929 842 994 est
867 920 1012 1016 major
1042 919 1174 994 inter
1198 943 1269 994 na-

183 1027 261 1094 tos
286 1019 545 1096 mulierum.
574 1023 612 1097 Si
638 1025 717 1120 quis
746 1032 887 1098 sanctus
906 1031 971 1118 est,
994 1021 1272 1120 glorificatur,si

182 1124 267 1219 quis
277 1124 411 1222 justus,
426 1125 630 1222 bonoratur,
649 1127 680 1200 si
693 1129 772 1224 quis
785 1131 927 1224 probus,
944 1127 1046 1202 fortis
1065 1133 1101 1200 et
1117 1125 1271 1224 sapione,

184 1229 303 1322 gradu
329 1228 463 1324 gloriae
488 1227 617 1324 dignus
643 1239 707 1304 est.
733 1231 999 1325 Verumtamen,
1026 1231 1057 1304 si
1085 1229 1123 1304 hi
1149 1253 1272 1304 omnes

178 1331 422 1428 jungerentur
447 1339 483 1405 et
508 1333 545 1406 in
571 1357 641 1408 uno
666 1335 806 1409 homine
833 1333 939 1408 simul
964 1334 1132 1430 inessent,
1152 1340 1271 1410 tamen

185 1457 270 1508 eum
289 1459 361 1507 non
379 1443 581 1533 aequarent,
608 1463 712 1536 quam
729 1437 827 1512 Deus
850 1438 977 1514 dilexit
995 1445 1030 1512 et
1047 1439 1091 1511 de
1109 1461 1178 1536 quo
1196 1461 1270 1510 ma·

184 1539 356 1614 nifastmn
372 1539 466 1634 fecit,
491 1564 571 1614 eum
592 1549 774 1640 tantopere
792 1542 951 1618 homines
974 1565 1161 1640 superasse
1179 1541 1271 1616 etin

186 1643 316 1716 ordine
334 1643 475 1716 stetisse
494 1643 711 1740 angelorum.

293 1747 382 1822 Sed
416 1748 496 1844 qui
531 1749 747 1844 minimus
783 1757 854 1824 est
879 1750 925 1822 in
949 1772 1093 1845 regno
1120 1748 1269 1822 caelo·
1374 1807 1380 1828 ,

186 1874 296 1944 rum,
321 1851 465 1948 major
491 1859 564 1924 cst
590 1877 650 1926 eo.
676 1855 812 1928 lterum
838 1853 938 1940 stubi
967 1853 1110 1949 quidam
1136 1852 1268 1946 dicunt,

187 1953 374 2026 minimum
400 1977 572 2052 quemque
599 1956 755 2030 fidelium
781 1959 913 2032 Ioanne
939 1958 1107 2054 majorem
1133 1979 1211 2030 esse
1230 1957 1268 2029 in

185 2081 299 2153 regno
316 2057 503 2132 caelorum.
518 2059 588 2133 Sed
601 2060 844 2155 absitanobis,
854 2062 897 2133 de
910 2061 1053 2154 Ioanne,
1062 2059 1138 2136 viro
1149 2067 1270 2134 sancto

188 2159 270 2254 Dei,
288 2161 339 2233 ita
366 2162 475 2258 loqui,
502 2164 584 2258 quia
610 2164 671 2261 qui
687 2165 837 2238 militem
854 2165 951 2261 regis
968 2165 1125 2258 offendit,
1151 2164 1269 2260 ipsum

187 2287 312 2360 regem
329 2289 401 2339 non
417 2267 577 2360 honorat,
603 2275 639 2340 et
664 2269 725 2364 qui
744 2269 959 2342 sacerdotem
976 2269 1123 2366 spernit,
1148 2267 1270 2342 Domi·

185 2392 273 2440 num
291 2369 367 2465 ejus
386 2369 530 2468 spernit.
549 2371 619 2444 Sed
632 2394 696 2470 per
713 2373 801 2445 haec
813 2373 857 2446 de
870 2372 1112 2468 magnitudine
1125 2371 1269 2446 Ioannis

184 2471 281 2543 dicta
297 2471 547 2547 abundantiam
565 2473 826 2550 misericordiae
849 2483 884 2550 et
911 2477 1044 2572 gratiae
1063 2499 1146 2549 suae
1163 2475 1267 2550 uobis
1337 2521 1341 2530 ·

185 2576 299 2648 voluit
316 2577 529 2650 annunciare
555 2585 592 2650 et
617 2579 754 2668 docere,
787 2588 919 2676 quanta
934 2583 1027 2654 bona
1052 2579 1173 2654 clectis
1192 2579 1267 2654 suis

186 2677 363 2752 donasset.
389 2681 482 2754 Nam
501 2681 531 2754 si
548 2682 710 2776 Ioannes,
736 2689 919 2781 tantopere
945 2709 1094 2781 magnus
1120 2689 1157 2757 et
1176 2683 1268 2757 oela-

186 2783 321 2878 bratus,
348 2806 427 2856 curn
452 2784 597 2859 minimo
630 2785 668 2858 i'n
694 2809 804 2882 regno
830 2787 1007 2860 coelorum
1032 2795 1268 2883 comparatur,

188 2886 321 2960 honore
339 2893 459 2960 manet
476 2887 631 2983 inferior,
648 2895 688 2961 ut
706 2914 733 2963 s.
752 2891 946 2986 Apostolus
964 2891 1035 2964 ait:
1058 2915 1072 2950 r
1089 2891 1147 2964 Ex
1164 2896 1267 2988 parte

188 2991 431 3084 cognoscimus
449 2997 486 3064 et
503 3015 549 3066 ex
566 3000 666 3090 parte
679 2994 932 3093 prophetamus
949 3033 978 3090 n,
996 3001 1032 3067 et
1048 3018 1155 3068 mox:
1175 2994 1268 3068 uvi-

188 3091 312 3166 demus
330 3095 432 3190 quasi
448 3093 486 3168 in
504 3096 657 3193 speculo,
671 3104 799 3170 etcum
812 3098 1165 3196 veneritperfeetum,
1182 3103 1267 3174 tunc

188 3198 343 3273 cessabit
359 3197 397 3270 id
413 3201 507 3296 quod
523 3223 672 3297 parrum
690 3208 726 3274 et
742 3224 789 3274 ex
805 3208 906 3299 parte
923 3210 978 3274 est
992 3201 1016 3276 ¹.

291 3301 444 3397 Magnus
462 3309 517 3376 est
528 3304 691 3400 Ioannes,
708 3306 888 3402 praescius
901 3306 994 3378 enim
1012 3305 1125 3380 dixit:
1146 3307 1266 3381 “Ecce
1393 3355 1397 3363 -

187 3425 301 3498 agnus
318 3405 387 3478 Dei
400 3445 428 3480 a.
455 3406 525 3480 Sed
542 3408 629 3480 haec
649 3409 866 3506 magnitudo,
892 3417 1094 3508 comparata
1119 3411 1164 3485 ad
1190 3409 1267 3508 glo·

188 3507 289 3603 riam,
306 3533 397 3606 quae
415 3510 631 3585 revelabitur
649 3512 775 3609 eisqui
789 3509 887 3609 digni
903 3513 1139 3610 invenientur,
1157 3537 1268 3612 parva

187 3617 325 3686 tantum
342 3613 541 3708 degustatio
559 3622 623 3688 est.
640 3617 723 3690 Non
736 3617 827 3713 quod
846 3618 978 3690 Ioanne
997 3641 1019 3706 e¹
1033 3619 1107 3692 vita
1121 3641 1266 3715 egresso

187 3716 352 3790 minimus
377 3717 526 3814 quisque
544 3718 582 3791 in
598 3743 709 3815 regno
735 3721 846 3817 major
871 3727 936 3815 est,
950 3721 1012 3794 sed
1038 3723 1130 3818 quod
1148 3721 1267 3795 omnia

186 3841 316 3916 magna
334 3827 370 3892 et
386 3820 571 3915 mirabilia,
589 3847 678 3920 quae
696 3825 756 3896 hrc
773 3832 865 3918 sunt,
892 3825 936 3899 ad
962 3825 1060 3898 iilam
1077 3825 1266 3900 beatitudi-

185 3944 268 3994 nem
284 3947 396 4020 parva
412 3932 584 4022 apparent
601 3933 636 4000 ct
653 3927 754 4024 quasi
767 3928 916 4000 nibilum
928 3929 1166 4024 inveniuntur,
1184 3930 1265 4002 ideo

170 4024 296 4112 dixit:
318 4027 416 4117 “Qui
433 4029 599 4103 minimus
618 4037 672 4103 est
689 4030 727 4102 in
744 4055 856 4126 regno
877 4033 1065 4128 coelorum,
1083 4034 1193 4130 major
1211 4039 1266 4105 est

185 4127 248 4202 illo
266 4171 292 4206 a.
311 4132 387 4206 Alii
404 4131 547 4206 dicunt:
574 4133 613 4208 Si
629 4157 731 4206 nemo
749 4135 815 4208 fuit
831 4135 924 4210 inter
941 4144 1042 4210 natos
1065 4137 1264 4230 mulierum,

186 4232 277 4308 sicut
292 4237 454 4330 Ioannes,
480 4259 560 4311 ecce
579 4238 684 4312 etiam
708 4237 881 4314 Dominus
898 4248 1003 4315 natus
1020 4247 1085 4335 est,
1110 4239 1265 4337 quisine

330 4363 334 4370 .
853 4344 860 4377 1

267 4472 293 4528 1.
315 4469 418 4532 Idea.
441 4473 554 4545 13,12.
