3330 5200
369 365 440 440 114

367 517 495 592 passus
514 519 552 568 es
571 441 616 566 ad
634 490 836 566 convivium
855 499 956 590 tuum
974 489 1027 565 int
1013 489 1209 564 ttrareld
1194 494 1371 564 ttament
1372 507 1463 562 unc
1533 503 1564 524 -·
1660 495 1661 500 ’

256 689 261 693 ,
370 623 417 670 ex
435 600 501 671 hoc
514 598 658 713 quidem
672 597 882 690 cognovist,
859 596 870 666 i
843 594 1020 668 tOhrist
1005 602 1081 666 tum
1097 617 1176 668 esse
1190 592 1318 686 Deum,
1336 591 1459 689 quod*

369 701 653 790 absconditam
624 723 711 873 eyus·
712 699 875 794 voluntat
823 705 945 790 tatem,
963 721 1053 792 quae
1067 721 1145 770 earn
1164 695 1402 788 adducebats
1392 715 1463 766 rm
1509 691 1529 784 J

366 804 490 898 pedire
517 827 589 878 ncn
613 809 675 898 po
676 809 749 873 urs
750 829 775 874 ι.
735 802 896 874 tDuo
928 800 1179 875 debitores
1207 806 1349 871 erant.
1377 795 1460 869 uni

366 905 555 979 dominc
583 904 829 994 creditori,
851 927 973 976 unus
1002 903 1206 994 debebat
1228 902 1457 997 quingen-

366 1015 441 1082 tos
468 1003 697 1082 denarios
725 1015 769 1079 et
796 1007 923 1080 alter
943 1001 1461 1101 quinquagintautcla-

365 1135 405 1182 re
424 1113 640 1203 ostenderet,
660 1133 697 1182 se
716 1112 852 1183 ratione
871 1107 952 1181 eis2
979 1109 1210 1182 conveniente
1225 1113 1371 1200 peccata
1398 1127 1461 1176 ec·

348 1238 452 1286 rum
479 1215 681 1288 aestimare.
706 1213 843 1284 Dixit
869 1213 923 1283 ad
950 1211 1183 1283 Simonem
1208 1208 1471 1282 Phariaca.

364 1317 452 1388 vim:
486 1316 675 1390 Intravi
712 1317 888 1388 domum
933 1307 1056 1385 tuam
1096 1320 1142 1386 et
1168 1335 1336 1408 aquam
1366 1333 1458 1382 non

368 1418 549 1491 dedisti
576 1417 778 1514 pedibus
804 1417 931 1490 meis,
955 1415 1056 1488 Bene
1075 1415 1213 1506 accidit,
1241 1415 1335 1510 quod
1354 1409 1455 1510 pedi·

364 1521 432 1592 bus
451 1523 526 1618 ejus
544 1525 674 1616 aquam
691 1544 764 1592 non
780 1519 929 1610 dederit,
937 1541 982 1588 ne
996 1519 1246 1614 impediretur,
1262 1517 1458 1613 quominus

364 1622 572 1696 lavarentur
598 1623 765 1718 lacrymis
783 1621 1001 1718 peccatricia,
1028 1645 1116 1718 quas
1136 1619 1364 1717 justificatum
1391 1641 1455 1690 suo

362 1733 656 1841 praeparaverat,
669 1727 753 1796 Non
769 1725 845 1819 igni
863 1723 1011 1798 incaluit
1028 1748 1133 1841 aqua,
1160 1747 1232 1818 qua
1248 1721 1360 1819 pedes
1378 1721 1458 1818 ejus

362 1823 525 1901 lavarent
511 1837 580 1920 tur,
599 1829 682 1924 quia
700 1827 878 1920 lacrymae
892 1833 1017 1924 peccat
1018 1827 1102 1898 ricis
1115 1827 1268 1900 charitat
1215 1825 1380 1940 tateey'us
1398 1847 1458 1896 ca

231 1919 233 1926 ’
299 1988 302 1993 .
333 1930 541 2004 lefiebant
515 1932 657 2018 tQuae
675 1929 829 2002 Domino
846 1929 1040 2026 praestant
1030 1953 1142 2002 rorem
1167 1929 1259 2000 banc
1284 1927 1346 2000 lot
1320 1935 1456 1998 tranem

362 2033 447 2106 fecit
432 2035 561 2130 t,quia
587 2033 727 2104 dona
698 2055 730 2102 er
749 2030 895 2105 dederat
912 2021 1149 2104 aemulatione
1167 2029 1316 2126 dignal.
1340 2030 1455 2102 Lotus

363 2143 420 2208 est
437 2138 657 2226 recumbens,
672 2141 711 2205 et
724 2135 920 2230 praemium
943 2134 1087 2206 lotionis
1119 2157 1204 2206 suae
1219 2131 1458 2227 deditexpia-

344 2239 506 2311 tionem.
523 2237 739 2310 Humana
709 2261 785 2332 eyus
803 2263 850 2309 na
850 2245 931 2310 tura
948 2236 1091 2309 lavabat
1077 2244 1135 2308 tur
1153 2243 1189 2308 et
1206 2237 1433 2310 recumbebat
1444 2260 1457 2328 ;

362 2340 484 2413 divina
510 2349 628 2412 autem
655 2341 855 2412 mercedem
882 2337 1058 2412 retribuit.
1086 2339 1171 2412 Sola
1194 2341 1350 2412 humana
1376 2337 1456 2434 ejus

361 2450 489 2515 natura
505 2443 618 2515 lavari
636 2449 787 2536 poterat,
817 2443 879 2514 sed
907 2441 984 2513 sola
1009 2442 1132 2514 divina
1151 2448 1282 2514 natura
1307 2449 1457 2536 peccata

279 2619 286 2632 ,
360 2545 522 2618 mulieris
541 2542 735 2618 invisibilia
750 2545 937 2640 purgando
955 2569 1021 2640 par
1040 2551 1128 2616 erat.
1153 2545 1226 2617 Illa
1242 2566 1329 2638 ergo
1349 2545 1382 2615 ei
1399 2544 1455 2616 la-

362 2671 509 2720 vacrum
526 2647 610 2720 fecit
635 2647 886 2742 laerymarum,
912 2654 948 2718 et
973 2647 1051 2743 ipsc
1071 2645 1104 2717 ei
1122 2647 1222 2719 dedit
1247 2648 1449 2718 mercedem

321 2767 324 2771 '
360 2751 583 2823 remissionis
609 2756 845 2846 peccatorum.
872 2749 946 2822 Illa
967 2750 1136 2844 lacrymis
1163 2749 1240 2822 suis
1263 2749 1450 2846 pulverem

358 2851 448 2926 lavit
465 2853 596 2950 pedum
614 2855 702 2949 ejus,
721 2859 757 2924 et
774 2855 851 2950 ipsc
869 2853 990 2924 verbis
1013 2851 1087 2924 suis
1106 2852 1287 2926 cicatrices
1306 2853 1452 2924 dealba-

358 2955 413 3028 vit
430 2957 589 3054 corporis
607 2957 694 3051 ejus.
712 2955 783 3027 Illa
800 2979 881 3026 eum
900 2955 989 3026 lavit
999 2955 1155 3050 impuris
1174 2955 1248 3028 suis
1266 2953 1451 3050 lacrymis,
1520 2981 1528 2992 ²
1553 2982 1555 2986 ·

360 3060 491 3155 etipse
528 3083 604 3130 eam
632 3057 721 3130 lavit
755 3057 855 3155 puris
891 3057 965 3128 suis
999 3057 1131 3130 verbis.
1156 3055 1284 3130 Abluit
1317 3058 1450 3130 mulier

355 3161 544 3334 Pulverem
560 3161 716 3252 Domini,
731 3163 792 3256 qui
809 3160 967 3232 vicissim
985 3158 1099 3232 abluit
1116 3160 1193 3256 ejus
1210 3159 1449 3256 iniquitatem.

390 3265 475 3336 edes
492 3265 637 3336 Domini
663 3263 727 3336 loti
754 3270 837 3336 sunt
862 3263 1033 3358 lacrymis
1049 3269 1085 3333 et
1101 3265 1212 3336 verba
1239 3265 1316 3360 ejus
1341 3264 1452 3337 dede-

357 3366 706 3438 runt-remissionem
725 3373 962 3461 peccatorum,

462 3468 685 3542 Osculum
722 3491 857 3540 unum
897 3467 1214 3540 salutationis
1250 3475 1299 3540 tu
1333 3469 1449 3542 mihi

355 3571 637 3643 nondedist
606 3571 913 3663 tr,illaver0,
936 3569 1164 3664 exquoin
1173 3571 1340 3664 travit,
1358 3595 1448 3646 non

355 3673 572 3747 cessavit
557 3675 810 3755 tosculari
849 3671 994 3768 pedes
1023 3695 1156 3764 meos,
1185 3673 1363 3746 etideo
1403 3676 1464 3778 ei

355 3777 556 3851 dimissa
583 3786 691 3850 sunt
716 3781 912 3874 peccata
939 3799 1021 3848 sua
1047 3775 1167 3849 mult
1152 3783 1210 3869 ta,
1241 3777 1350 3872 quia
1375 3769 1447 3852 ve-

354 3881 597 3959 hementer
633 3879 813 3953 dilexit
798 3878 970 3974 t,quia
1004 3878 1056 3970 is,
1091 3879 1167 3950 cui
1193 3901 1356 3974 parum
1382 3881 1447 3952 di·.

353 3984 436 4056 mit
445 3984 506 4056 tit
515 4007 579 4076 ur,
606 4009 768 4080 parurn
795 3981 977 4075 diligit
1003 3979 1145 4068 Quibus
1168 3983 1290 4106 verbis
1312 3982 1446 4057 verita-

433 4187 459 4242 1.
479 4186 530 4244 Ita
542 4185 573 4244 in
587 4186 654 4244 cod.
669 4187 704 4244 B.
718 4187 756 4243 In
771 4187 838 4245 cod.
853 4185 881 4242 Α
898 4185 956 4242 “ct
970 4183 1207 4247 absconditams
1222 4188 1282 4243 etc.

431 4265 460 4320 2.
480 4263 531 4322 Ita
543 4264 575 4322 in
590 4265 656 4323 cod.
670 4266 706 4324 B.
720 4265 759 4322 In
772 4265 838 4324 cod.
852 4263 880 4320 A
897 4276 910 4308 α
924 4261 979 4323 eia
996 4261 1047 4320 vel
1063 4260 1184 4336 dipsis.

353 4358 355 4367 ·
431 4344 459 4398 3.
479 4342 581 4400 Locus
603 4343 785 4404 emendatus
804 4362 844 4402 ex
860 4339 929 4402 ced.
946 4339 981 4399 Β.
995 4340 1034 4400 In
1047 4339 1116 4400 cod·
1129 4339 1175 4399 A:
1197 4339 1284 4408 acui
1299 4339 1329 4400 ci
1343 4337 1441 4414 dedit,

351 4419 386 4475 nt
400 4419 569 4480 acmularet
582 4421 662 4482 dona
674 4452 700 4484 a.
