3268 5220
1226 355 1269 426 73

192 481 357 557 videbunt
376 489 413 554 et
429 507 499 556 non
515 483 685 559 ridebunt
701 523 729 558 a.
763 482 860 573 “Qui
878 482 995 578 habet,
1013 482 1153 558 dabitur
1167 481 1214 576 ei,
1234 489 1270 554 et

188 588 247 682 qui
263 587 471 684 nonhabet,
490 591 596 662 etiam
613 590 679 662 1100
696 588 858 661 auferent
883 589 926 659 ab
945 611 987 658 eo
1003 627 1031 662 n.
1058 587 1128 676 Qui
1147 609 1269 660 eorum

187 714 274 785 quae
293 692 464 788 possidet,
482 693 611 792 dignus
625 698 774 784 nonest,
792 689 965 787 quomodo
977 698 1094 788 potest
1112 713 1268 787 sperare,

187 817 225 864 se
240 795 446 870 habiturum
473 819 551 870 esse
574 797 610 868 id
628 795 722 892 quod
741 794 965 868 nonhabet?
992 795 1196 890 auitoque
1215 794 1268 866 di-

186 922 277 992 gnus
299 908 355 972 est
381 901 457 996 ejus
484 901 577 996 quod
601 901 720 991 habet,
746 899 779 970 ei
798 899 947 970 addetur
963 904 999 969 et
1025 898 1062 970 id
1088 899 1181 994 quod
1197 921 1268 970 non

187 1001 316 1096 habet,
334 1003 396 1100 qui
417 1012 536 1076 autem
553 1027 625 1076 non
642 1010 696 1076 est
713 1003 854 1098 digana,
882 1009 918 1073 et
943 1002 1019 1092 hoo,
1038 1003 1131 1098 quod
1148 1003 1267 1096 habet,

182 1105 346 1178 auferent
362 1110 405 1180 ab
423 1131 475 1179 eo.
502 1108 681 1196 Quantum
698 1107 802 1180 homo
829 1106 988 1202 aeoipere
1007 1112 1135 1201 potest,
1162 1105 1268 1178 datur

183 1207 216 1278 ei
233 1233 300 1306 per
325 1211 486 1305 gratiam,
513 1234 602 1307 quae
620 1234 699 1283 oum
717 1210 950 1306 promissione
978 1209 1104 1282 similis
1131 1209 1267 1304 gratiae

183 1315 432 1410 subsequentis
450 1315 489 1387 in
505 1323 724 1410 aeeeptorem
743 1339 781 1387 se
800 1314 955 1386 demittit
982 1321 1019 1384 et
1045 1315 1082 1386 in
1101 1336 1142 1384 eo
1169 1313 1267 1408 quie-

180 1415 257 1488 scit.
277 1417 349 1505 Qui
365 1419 481 1513 habet,
500 1419 648 1492 addetur
667 1419 711 1512 ei,
738 1426 778 1491 ut
803 1418 880 1516 ipse
902 1417 941 1488 in
958 1439 995 1489 se
1022 1441 1087 1514 per
1112 1417 1265 1513 gratiam

179 1519 345 1596 omnibus
363 1522 496 1595 divitiis
513 1525 677 1596 abundet.

286 1625 524 1722 inpraesenti
540 1627 650 1722 igitur
668 1633 826 1721 tempore
841 1623 984 1720 aliquid,
1003 1624 1096 1720 quod
1110 1617 1166 1696 est
1183 1645 1264 1696 oon-

178 1735 399 1822 sentaneum,
417 1730 517 1803 nobis
532 1731 684 1824 additur,
703 1729 860 1823 alioquin
872 1751 943 1799 non
957 1734 1052 1800 esset
1068 1727 1226 1800 additum
1238 1729 1263 1821 ¹,

177 1837 218 1901 ut
236 1830 323 1903 dioit
349 1833 542 1929 Scriptura.
568 1835 694 1930 Itaque
721 1833 875 1929 Spiritus
902 1831 1094 1926 sapientiae
1113 1855 1184 1903 non
1202 1831 1263 1904 da

178 1940 238 2007 tur
255 1935 390 2008 homini
409 1937 529 2030 stulto,
554 1961 599 2010 ne
617 1939 683 2010 1100
709 1936 841 2010 1111111110
860 1935 1110 2006 detrimentum
1136 1935 1261 2032 oapiat.

177 2037 251 2110 Sed
272 2039 427 2135 Spiritus
455 2047 619 2134 sanetus,
634 2040 885 2138 mysteriorum
912 2039 1100 2131 revelator,
1122 2038 1261 2111 homini

176 2142 331 2239 sapienti
348 2150 384 2216 et
401 2144 618 2240 intelligenti
634 2146 749 2238 datur,
766 2150 807 2216 ut
820 2142 1003 2240 sapientia,
1020 2143 1098 2216 fons
1116 2143 1262 2236 gaudio·

175 2269 266 2340 rum,
285 2246 322 2318 in
341 2270 382 2319 eo
401 2247 599 2321 efflorescat
617 2255 653 2320 et
669 2251 817 2324 verbum
844 2247 1039 2320 laetificans
1067 2246 1100 2318 ei
1117 2255 1260 2342 praesto

176 2349 232 2421 sit.
247 2349 412 2422 Mutuum
425 2353 636 2450 aeeepimus,
651 2375 735 2447 ergo
754 2359 790 2424 et
803 2351 1002 2424 reddamus.
1017 2349 1163 2438 Quodsi
1181 2371 1261 2434 eon-

174 2453 317 2526 fitemur
335 2454 369 2526 ei
395 2455 456 2551 qui
471 2457 573 2530 nobis
591 2463 752 2528 mutuum
778 2455 886 2548 dedit,
913 2455 1020 2526 addet
1036 2453 1137 2526 nobis
1158 2454 1203 2525 ad
1221 2453 1259 2525 id

174 2557 269 2652 quod
287 2558 496 2656 accepimus.
523 2561 561 2634 Si
579 2567 696 2633 autem
716 2583 796 2632 eum
821 2581 1005 2654 negamus,
1031 2557 1133 2630 nobis
1159 2557 1261 2630 dubi-

173 2661 322 2733 tandum
348 2686 418 2734 non
446 2670 510 2756 est,
536 2663 573 2736 id
598 2663 692 2760 quod
708 2664 917 2760 aooepimus,
944 2662 1038 2758 apud
1064 2681 1145 2733 eum
1168 2683 1258 2734 esse.

173 2763 415 2861 Quodcunque
430 2767 639 2862 aeoepimus,
658 2765 740 2838 lieet
765 2766 859 2862 apud
875 2789 940 2838 nos
954 2765 1011 2859 sit,
1030 2764 1060 2837 si
1073 2781 1265 2859 negamus,¹

173 2868 269 2963 apud
288 2891 369 2940 eum
396 2876 471 2966 est,
499 2871 530 2943 si
556 2878 674 2942 autem
700 2869 833 2964 gratias
859 2869 997 2964 agimus
1016 2875 1051 2940 et
1069 2867 1257 2963 oredimus,

172 2970 211 3042 id
229 2973 323 3068 quod
341 2973 435 3069 apud
462 2997 541 3046 eum
561 2981 626 3064 est,
653 2974 759 3046 etiam
786 2973 879 3068 apud
900 2995 965 3044 nos
983 2977 1048 3044 est.
1077 2992 1092 3028 a
1110 2970 1258 3058 011111-
1398 2998 1402 3009 ‘

174 3075 247 3165 bet,
263 3075 405 3150 dabitur
420 3075 452 3148 ei
468 3117 496 3152 η.
515 3077 638 3171 Paulo,
653 3078 713 3173 qui
726 3078 878 3150 habebat
889 3075 1065 3173 justitiam
1078 3073 1182 3169 legis,
1195 3073 1257 3146 ed·

175 3177 324 3252 debatur
342 3181 430 3254 fides
446 3182 638 3256 vivifieans.
659 3181 729 3268 Qui
746 3187 866 3252 autem
882 3203 927 3252 ne
946 3203 1023 3251 eam
1041 3179 1185 3274 quidem
1196 3178 1257 3273 jn·

174 3279 308 3355 stitiam
327 3285 444 3378 habet,
469 3293 509 3358 ut
534 3285 651 3381 legem
678 3284 835 3380 impleat,
863 3290 898 3355 at
923 3284 1000 3375 hoo,
1027 3283 1121 3380 quod
1136 3282 1256 3376 habet,

176 3386 340 3460 auferent
357 3390 400 3460 ab
419 3412 471 3481 eo,
489 3412 598 3486 quum
615 3390 674 3462 via
689 3388 779 3482 legis
797 3411 908 3483 usque
922 3388 967 3458 ad
979 3388 1148 3459 Ioannem
1161 3386 1255 3484 Bap-

175 3489 297 3562 tistam
323 3491 513 3587 pertingat.
540 3493 641 3564 Idem
659 3491 831 3586 contingit
849 3491 881 3562 ei
900 3490 961 3587 qui
982 3497 1095 3588 putat,
1114 3490 1181 3563 sibi
1200 3513 1256 3564 re-

176 3593 285 3666 missa
303 3617 381 3668 esse
399 3603 553 3692 peooata.
957 3619 959 3624 ·
1132 3597 1136 3606 '
1339 3594 1347 3606 “

280 3697 444 3770 Nolite
471 3699 580 3772 dare
605 3704 768 3772 saneta
793 3696 988 3772 oanibus
1008 3695 1254 3792 (Μ1111.7,6).

176 3799 480 3888 Quemadmodum
506 3803 568 3898 qui
601 3801 825 3896 evangelium
859 3802 939 3896 ejus
963 3825 1034 3873 non
1063 3799 1255 3898 praedicat,
1293 3859 1295 3864 ,

176 3911 358 3998 peceatum
377 3907 574 4000 committit,
600 3906 684 4001 quia
701 3907 776 4002 ejus
794 3906 999 3988 mandatum
1025 3928 1097 3977 non
1124 3912 1254 4000 servat,

176 4003 226 4078 ita
243 4013 279 4079 et
296 4007 370 4102 iile,
385 4010 519 4106 quidet
537 4005 1254 4084 001010000111110.Ε101001100001101οη011

177 4108 348 4184 devorent
365 4119 400 4184 et
417 4113 515 4210 porei
532 4113 734 4208 margaritis
752 4137 821 4186 non
840 4115 1041 4208 abutantur,
1054 4120 1174 4186 tamen
1190 4113 1254 4208 qui

177 4211 352 4310 hoofaoit,
370 4240 513 4292 eonsors
532 4225 567 4290 et
582 4219 761 4315 particeps
776 4217 926 4292 efficitur
944 4219 1020 4316 ejus
1034 4217 1095 4314 qui
1108 4221 1252 4292 absoon·

258 4454 284 4510 1.
305 4453 353 4512 Ita
365 4441 397 4513 in
412 4454 478 4513 eod.
493 4454 703 4532 B3partieula
718 4469 825 4520 onon„
842 4455 873 4514 in
888 4454 997 4518 codd
1018 4451 1141 4515 excidit.
