3344 5200
1154 383 1161 390 ’
1231 395 1303 464 255

213 530 270 596 tae
286 523 311 616 ⁴,
329 523 392 596 oui·
406 521 504 596 nasci
525 519 719 595 secundum
737 543 881 594 carnem
898 523 1060 596 naturale
1081 527 1167 606 erat,
1191 521 1303 598 Nullo

211 627 307 698 enim
325 625 395 698 alio
412 627 516 698 modo
534 623 663 720 aliquis
691 624 736 696 ad
764 624 955 698 humanam
972 626 1197 700 nativitatem
1222 648 1305 722 per·

211 728 335 802 venire
351 734 481 825 potest,
498 727 570 800 nisi
591 725 725 798 eisdem
751 727 884 799 nostris
909 730 1087 804 membris
1108 727 1303 802 conforma·
1395 816 1402 827 ,

211 838 282 926 tus,
295 853 361 906 neo
375 829 454 928 quis
466 840 614 920 mortem
630 829 749 904 subire
762 835 892 926 potest,
903 830 1030 904 nisiex
1043 831 1178 904 eisdem
1193 853 1303 904 mem-

211 933 287 1008 bris
301 933 517 1032 compositus
536 933 593 1006 sit.
607 931 781 1026 Dominus
799 932 911 1026 igitur
929 955 976 1026 px
993 934 1118 1006 ordine
1136 955 1264 1030 corpus
1282 957 1306 1006 a
1362 1019 1367 1031 1

212 1043 315 1132 porta
332 1037 426 1110 uteri
443 1059 555 1132 usque
576 1036 622 1108 ad
641 1042 781 1131 portam
799 1034 957 1132 sepulcri
973 1036 1133 1110 adduxit.
1150 1035 1306 1132 Aperuit

211 1139 398 1212 nativitate
413 1163 477 1212 sua
492 1148 634 1212 uterum
652 1137 812 1212 clausurn
830 1145 865 1210 et
884 1139 1025 1234 aperuit
1041 1139 1304 1225 resurreetione

211 1265 278 1330 sua
295 1243 497 1338 sepulcrum
517 1239 771 1315 circumdatum
791 1246 828 1312 et
845 1242 1040 1317 obsessum.
1068 1239 1220 1314 Crucem
1241 1263 1303 1313 ve-

212 1367 253 1416 ro
270 1345 423 1422 mediam
441 1345 571 1438 erexit,
586 1350 627 1416 ut
644 1342 691 1416 iis
708 1344 768 1438 qui
787 1365 834 1414 ex
851 1350 954 1416 utero
971 1351 1123 1418 mortem
1150 1343 1305 1416 subituri

212 1453 420 1539 nascuntur,
447 1447 602 1544 primurn
630 1469 720 1518 crux
739 1451 919 1540 tamquam
944 1450 1050 1522 arbor
1076 1447 1170 1520 vitae
1201 1445 1307 1550 obvia

212 1549 326 1644 fieret,
345 1551 445 1647 cnjus
473 1550 628 1624 fructum
648 1548 686 1618 in
704 1549 912 1644 corporibus
938 1550 1014 1622 suis
1040 1548 1251 1644 colligerent
1269 1556 1306 1622 et

212 1652 491 1742 accumularent,
508 1651 708 1747 ecquando
726 1673 821 1724 mors
840 1674 900 1724 cos
918 1673 1041 1726 omnes
1059 1653 1097 1724 in
1121 1674 1184 1724 suo
1201 1648 1311 1724 utero

212 1754 412 1850 collegerit,
433 1756 528 1828 hune
555 1753 760 1828 scinderent
777 1759 813 1824 et
834 1753 1018 1828 demedio
1051 1755 1127 1851 ejus
1153 1753 1306 1827 exirent.

214 1859 259 1930 In
276 1865 389 1932 morte
407 1858 526 1954 itaque
543 1857 644 1932 Deus
662 1857 757 1952 apud
785 1853 969 1932 Christum
995 1881 1068 1930 non
1094 1863 1172 1932 orat
1184 1855 1211 1949 ²,
1233 1879 1307 1928 non

213 1962 300 2056 quia
330 1967 434 2034 extra
465 1984 546 2034 eum
577 1983 655 2033 asse
686 1958 812 2054 voluit,
842 1960 906 2032 sed
932 1985 1028 2034 mors
1062 1983 1136 2062 non
1165 1965 1308 2054 poterat

192 2063 315 2157 ,adire
346 2063 474 2154 locum,
492 2064 553 2138 ubi
579 2063 654 2136 vita
685 2070 774 2156 erat,
801 2084 891 2159 qnae
922 2071 1073 2153 mortem
1103 2061 1242 2136 occidit.
1260 2062 1307 2134 In
1328 2145 1331 2149 ,

211 2165 401 2241 nativitate
418 2173 538 2240 antem
554 2166 653 2238 Deus
672 2188 751 2240 cum
771 2163 916 2240 Christo
936 2173 1012 2240 erat
1024 2165 1053 2260 ⁵,
1071 2165 1157 2262 quia
1176 2163 1306 2238 nativi·
1332 2179 1335 2184 ·

213 2275 270 2342 tas
287 2292 309 2344 a
327 2269 512 2342 divinitate
530 2291 603 2342 non
621 2275 677 2344 est
694 2269 822 2344 aliena
840 2268 1021 2344 Nativitas
1050 2270 1146 2342 enim
1163 2266 1306 2348 initium

212 2379 269 2445 est
286 2394 405 2444 rerum
425 2371 656 2444 existentium
676 2379 712 2444 et
730 2395 854 2444 omnes
870 2395 929 2445 res
948 2373 1144 2446 existentes
1162 2371 1309 2466 conjura

212 2475 268 2570 git
285 2481 321 2550 et
339 2497 419 2546 cum
438 2476 529 2568 ipsa,
556 2475 624 2548 etsi
654 2496 713 2548 res
744 2474 791 2546 sit
821 2481 951 2568 creata,
968 2473 1113 2548 virtusl
1132 2471 1305 2546 creatoris

212 2576 414 2673 participat.
433 2573 534 2648 Mors
550 2599 636 2650 vero
653 2576 784 2672 plenus
800 2575 968 2650 interitus
987 2583 1043 2648 est
1070 2599 1192 2650 eorum
1215 2599 1308 2672 qnae

213 2685 308 2772 sunt,
334 2701 513 2774 quumque
530 2678 629 2752 Deus
656 2679 813 2752 essentia
839 2679 899 2771 sit,
923 2703 1014 2775 quae
1044 2703 1114 2752 non
1143 2677 1307 2752 dissolvis

211 2787 282 2876 tur,
301 2781 381 2854 ideo
412 2781 518 2856 morti
549 2781 711 2855 subditus
726 2779 741 2826 ὅ
759 2804 838 2854 esse
860 2783 994 2879 nequit.
1025 2782 1108 2854 Non
1136 2780 1231 2852 enim
1260 2782 1308 2854 ad

212 2909 278 2959 nos
295 2885 406 2978 venit,
432 2891 473 2956 ut
499 2884 634 2980 aliquid
662 2883 817 2958 disceret
845 2885 909 2956 sed
926 2893 976 2979 ut,
994 2907 1060 2958 sua
1083 2882 1309 2984 plenitudine

214 2987 252 3059 id
268 2989 363 3084 quod
381 2987 483 3067 nobis
501 2987 698 3081 deficiebat,
716 2987 921 3083 compleret.

319 3089 432 3162 Porro
451 3113 579 3186 eorpus
598 3115 644 3166 cx
663 3114 727 3162 sua
752 3097 882 3164 natura
906 3113 1035 3188 passus
1053 3097 1109 3162 est
1129 3113 1202 3162 una
1227 3112 1309 3164 oum

215 3192 334 3266 anima
351 3193 503 3288 patibili,
530 3193 615 3288 quia
640 3193 759 3268 anima
786 3199 853 3286 est,
881 3217 971 3290 quae
1005 3193 1113 3266 sentit
1139 3191 1308 3264 dolorem.

214 3295 313 3390 Ergo
330 3303 460 3392 natura
476 3297 552 3392 ejus
568 3297 724 3372 humana
741 3302 888 3392 proptor
907 3319 1035 3393 corpus
1054 3319 1162 3392 passa
1188 3300 1254 3387 est,
1273 3304 1311 3370 et

215 3399 356 3472 dolores
384 3399 496 3472 sensit
521 3405 668 3494 propter
693 3399 894 3472 animam«
916 3399 1083 3495 Spiritus,
1111 3398 1171 3491 ait,
1187 3397 1310 3474 veniet

215 3509 252 3573 et
269 3502 383 3576 virtus
402 3503 626 3576 obumbrabit
642 3541 669 3576 η.
698 3503 801 3576 Idem
818 3523 946 3600 corpus
963 3501 1073 3576 vitale
1100 3501 1231 3574 factum
1255 3511 1312 3576 est

218 3606 321 3702 panis
341 3611 376 3676 et
394 3605 494 3678 cibus
513 3605 684 3680 fidelium.
705 3628 720 3664 α
739 3603 907 3702 Spiritus,
924 3603 986 3698 ait,
1004 3605 1125 3690 veniet
1142 3610 1178 3676 et
1195 3603 1311 3679 virtus

299 3823 325 3878 1.
347 3820 395 3878 Ad
410 3820 557 3880 verbum:
575 3820 763 3880 “nativitate
777 3821 907 3880 naturae
922 3819 1129 3910 desponsatae
1144 3851 1170 3882 a.

296 3899 323 3954 2.
345 3897 451 3956 Verba
464 3899 589 3958 Aucher
603 3901 646 3956 sio
661 3897 782 3955 reddit:
801 3899 862 3954 “In
877 3902 974 3958 morte
987 3901 1090 3974 itaque
1101 3897 1151 3954 ille
1165 3915 1226 3956 non
1240 3899 1308 3956 erat

217 3977 283 4052 ipso
299 3993 368 4034 oum
380 3989 417 4034 eo
431 4007 456 4036 a.
472 3977 586 4035 Sensus
601 3981 667 4033 est:
682 3975 835 4034 Divinitas
845 3975 958 4034 visibili
972 3973 1155 4035 efficacitate
1168 3987 1230 4034 non
1242 3979 1324 4034 erat-

217 4055 298 4132 apnd
314 4055 469 4112 Obristum
483 4056 673 4114 morientem.
831 4106 833 4110 .

260 4151 263 4159 ’
295 4135 324 4190 3’.
344 4130 452 4194 Verba
464 4133 588 4193 Aucher
604 4133 648 4190 sie
661 4131 774 4192 vertit:
789 4117 827 4192 in
847 4129 1009 4192 nativitate
1035 4136 1138 4194 autem
1163 4148 1232 4190 oum
1256 4130 1311 4188 illo

217 4211 297 4270 erat
512 4211 514 4215 '
799 4208 803 4214 ’

296 4291 325 4346 4.
346 4287 397 4346 Its
410 4287 444 4346 in
458 4289 568 4349 ood.B.
583 4289 621 4348 In
635 4288 703 4350 eod.
713 4288 742 4346 A
753 4287 831 4350 falso
846 4287 894 4347 est
909 4287 1030 4350 dativus
1041 4303 1096 4364 pro
1110 4284 1310 4348 nominativo.

296 4367 325 4424 5.
345 4365 451 4426 Verba
461 4371 553 4445 juxta
566 4369 691 4430 Auobcr
704 4368 781 4428 haeo
796 4371 886 4428 sunt:
905 4382 918 4414 a
931 4368 1007 4428 Ideo
1028 4363 1225 4428 mortificatio
1240 4381 1310 4427 esso
1375 4421 1380 4432 ,

217 4443 363 4520 nequiit).
