3344 5200
226 472 510 568 temperantiam.
526 471 585 544 Ita
603 470 633 544 si
651 465 878 566 persequitur
892 473 928 540 te
947 465 1132 566 injustitia,
1150 469 1319 546 confitere

220 575 412 671 justitiam,
430 575 462 650 si
479 573 685 673 possidendi
702 571 825 666 libido,
844 571 1012 644 confitere
1036 571 1240 668 Dominum,
1258 577 1320 670 qui

178 716 180 720 Α
226 701 410 776 possessor
430 686 485 752 est
516 678 673 750 omnium
691 698 821 748 rerum.
841 676 973 750 Omnes
995 675 1055 748 isti
1073 685 1319 771 persecutores
1406 724 1409 735 ι

226 788 404 877 martyres
423 787 687 878 persequuntur
705 779 743 852 in
760 779 840 874 ipsa
857 799 954 873 paee.
983 777 1076 866 Quia
1092 778 1131 851 hi
1157 780 1321 854 vicerunt

196 892 200 898 '
225 883 265 956 in
288 885 505 958 absconditis
522 881 840 980 persecutionibus,
858 879 1016 953 coronati
1034 887 1117 954 sunt
1143 881 1182 954 in
1208 885 1332 956 mani--

226 987 338 1060 festis.
356 988 496 1061 Exerce
523 995 558 1060 te
584 986 623 1058 in
643 985 711 1078 his,
728 1007 820 1080 quae
847 984 1054 1058 abscondita
1081 991 1175 1079 sunt,
1202 993 1242 1060 ut
1267 987 1321 1062 sic

227 1089 349 1164 valeas
369 1091 538 1164 resistere
555 1089 619 1182 eis,
637 1111 728 1183 quae
745 1086 865 1184 palam
884 1093 977 1158 sunt.
997 1087 1036 1160 Si
1053 1087 1148 1160 enim
1174 1089 1213 1160 in
1238 1115 1320 1188 per-
1380 1152 1383 1158 .

225 1193 481 1288 secutionibus,
508 1215 599 1288 quoe
627 1191 723 1264 intra
757 1197 793 1262 te
828 1196 922 1284 sunt,
950 1189 1117 1282 vinceris,
1144 1194 1320 1287 quomodo

229 1319 353 1392 speras
370 1302 405 1368 te
425 1297 603 1370 victurum
625 1317 705 1366 esse
723 1293 761 1365 in
778 1291 1097 1392 persecutionibus,
1115 1317 1205 1390 quae
1237 1304 1320 1370 sunt

229 1405 332 1472 extra
348 1397 411 1470 te?
1195 1457 1197 1464 χ

328 1500 445 1598 Major
463 1506 518 1574 est
536 1500 667 1596 injuria
692 1499 807 1572 crucis
834 1498 998 1572 omnibus
1023 1497 1165 1594 injuriis
1192 1499 1230 1571 in
1256 1525 1320 1598 po-

226 1601 322 1698 pulis
350 1611 386 1676 et
421 1602 723 1699 generationibus.
760 1601 863 1690 Quod
890 1601 921 1674 si
947 1623 1044 1674 mors
1071 1601 1173 1674 Adae
1206 1609 1319 1676 totum

129 1701 131 1704 ’
229 1729 343 1800 genus
360 1707 555 1780 humanum
571 1711 685 1779 morte
702 1705 833 1799 affecit,
850 1704 931 1799 quis
954 1709 1094 1800 poterat
1123 1705 1318 1780 consistere

227 1831 345 1882 eoram
363 1829 495 1906 magna
519 1810 587 1883 hac
612 1808 743 1904 injuria
769 1807 914 1880 Domini
942 1807 1119 1902 gloriosi?
1138 1809 1177 1882 sl
1199 1808 1320 1882 inilia

151 1993 154 2000 ,
226 1911 316 1986 hora
335 1913 478 2009 justitio
494 1937 516 1986 a
532 1910 777 1986 misericordia
801 1934 874 1986 non
899 1909 1118 2005 recessisset,
1144 1911 1224 2008 quis
1246 1913 1319 1989 vim

220 2014 384 2112 justitiae
412 2018 589 2090 sustinere
616 2014 820 2110 potuisset?
838 2013 886 2086 Et
905 2013 986 2111 quis
1013 2014 1115 2087 nohis
1141 2015 1318 2112 propitius

228 2126 334 2212 esset,
352 2119 423 2191 nisi
440 2118 686 2194 misericordia
701 2118 803 2190 nobis
822 2115 1047 2192 dimitteret?
1069 2117 1196 2214 Itaque
1209 2119 1320 2193 mise·

227 2221 382 2296 ricordia
397 2221 435 2294 in
461 2245 526 2296 nos
552 2221 709 2320 propitia
724 2220 802 2314 fuit,
821 2219 907 2292 dum
937 2219 1112 2294 Dominus
1139 2223 1319 2316 pendebat

145 2343 150 2348 ’
226 2323 264 2396 in
280 2324 391 2422 ligno,
409 2331 446 2396 et
462 2333 609 2423 propter
627 2325 798 2396 honorem
811 2323 973 2420 justitiae
1000 2323 1124 2420 rejecit
1142 2331 1178 2398 et
1208 2349 1317 2420 nega-

226 2427 279 2500 vit
296 2429 448 2502 seientes
467 2434 503 2501 et
519 2427 661 2503 vocavit
677 2427 887 2498 nescientes.
909 2448 924 2484 a
942 2427 1189 2520 Nesciunt,
1206 2428 1318 2522 quid

226 2530 453 2620 iaciuntn.
472 2531 643 2604 Attamen
662 2526 804 2626 justitia
829 2528 906 2622 ejus
932 2528 970 2600 in
996 2527 1165 2624 parabola
1190 2529 1317 2604 vineae

225 2639 458 2728 praevertens
483 2637 615 2705 testata
640 2639 696 2705 est
721 2638 758 2704 et
779 2629 871 2703 nos¹
894 2630 1013 2726 arguit
1039 2631 1161 2704 dicens
1176 2651 1228 2724 ².“
1246 2630 1319 2706 Oo-
1401 2655 1406 2665 ·

223 2733 298 2808 loni
316 2735 507 2810 haeredem
524 2734 651 2808 vineae
670 2740 914 2828 cognoverunt
931 2773 959 2808 a.
982 2733 1189 2828 Noomin,
1207 2757 1317 2830 quum

220 2838 349 2912 haeres
374 2839 590 2932 advenisset,
608 2837 672 2910 sed
698 2837 783 2912 dum
811 2837 927 2910 adhuc
950 2835 1057 2932 longe
1079 2838 1231 2931 abesset,
1258 2861 1317 2911 co·

220 2941 426 3036 gitaverunt
452 2961 533 3014 eum
562 2941 734 3034 cocidere,
752 2947 792 3016 ut
808 2939 1010 3014 haereditas
1035 2940 1074 3012 iu
1100 2945 1195 3012 sorte
1221 2940 1316 3038 ipso-

219 3064 301 3118 rum
321 3051 491 3118 maneret.

325 3147 374 3220 Et
391 3171 436 3220 ne
454 3147 538 3244 quis
552 3147 758 3243 insurgeret
775 3151 811 3218 et
822 3145 1001 3241 justitiam
1021 3146 1098 3242 ejus
1125 3143 1313 3241 impugna-

219 3258 287 3346 ret,
305 3260 342 3324 et
369 3250 648 3324 misericordiam
675 3251 751 3347 ejus
779 3247 1044 3344 blasphemaret
1069 3247 1211 3320 dicens:
1238 3251 1316 3322 Nec

221 3362 363 3452 tempus
388 3353 566 3434 ,adventus
584 3355 660 3450 ejus
687 3359 942 3450 coguoverunt,
960 3375 1026 3425 neo
1043 3349 1130 3446 quid
1156 3349 1208 3424 eis
1235 3376 1317 3448 pro·

222 3457 353 3552 desset,
371 3455 641 3548 intellexerunt,
654 3464 692 3528 et
709 3479 772 3530 cur
786 3479 824 3527 se
841 3455 959 3551 ipsum
976 3452 1108 3550 populo
1125 3453 1318 3529 occultavit

98 3632 101 3638 ,
220 3565 257 3632 et
275 3560 442 3656 gentibus
461 3583 499 3632 se
518 3558 724 3634 revelavit?
742 3559 787 3632 ed
805 3559 893 3639 haec
908 3558 1052 3654 justitia
1073 3557 1150 3654 ejus
1167 3579 1316 3654 respon-

222 3685 301 3734 sum
318 3662 427 3734 dedit.
445 3662 503 3734 Ne
530 3663 610 3758 quie
632 3663 810 3760 justitiam
833 3661 909 3758 ejus
935 3659 1149 3756 inculparet,
1168 3682 1318 3754 praeve«

217 3764 323 3838 niens
337 3765 507 3858 ostendit,
521 3765 619 3860 quod
637 3787 718 3837 eum
735 3775 923 3857 noverunt,
940 3771 978 3836 et
1003 3770 1044 3836 ut
1070 3762 1315 3837 miserioordia

218 3867 297 3964 ejus
313 3873 460 3964 propter
486 3867 733 3939 remissionem
754 3873 795 3938 et
820 3866 1063 3962 expiationem
1093 3866 1316 3961 laudaretur,

220 3969 323 4066 dixit,
342 3967 435 4066 quod
454 3991 535 4045 eoru
553 3991 625 4042 non
641 3975 818 4042 noverunt
831 3965 857 4040 ².

299 4177 325 4233 1.
347 4175 396 4234 Sic
412 4175 540 4249 uterque
555 4173 661 4234 codiee
675 4172 780 4232 habet.
795 4174 832 4232 In
846 4173 913 4232 cod.
928 4174 956 4232 A
972 4173 1010 4232 ad
1030 4173 1197 4250 marginem
1221 4171 1314 4232 adno-

220 4255 317 4311 tatum
332 4257 389 4328 est,
403 4271 459 4328 pro
477 4268 584 4314 snoso
603 4252 764 4326 legendum
780 4270 849 4312 esse
868 4269 950 4312 “eos
963 4281 989 4314 a·
1329 4319 1333 4330 ,

297 4333 325 4388 2.
345 4333 383 4388 In
399 4332 465 4391 cod.
480 4331 523 4388 B:
542 4346 555 4376 a
572 4332 652 4408 quod
668 4351 736 4392 eum
751 4350 812 4391 uon
836 4334 998 4404 noverunt,
1013 4349 1111 4408 neque
1140 4329 1212 4405 quid
1231 4328 1312 4388 lace-

219 4413 288 4467 rent
303 4414 493 4470 contrusam
507 4440 532 4471 a·
720 4412 722 4418 ’
