3330 5200
358 337 429 408 150

354 475 450 540 esset
475 493 498 542 a
522 468 608 558 vite,
634 492 740 563 qnam
767 477 862 542 certe
891 491 976 542 snae
1002 474 1151 540 naturae
1178 465 1461 540 convenientem·

355 570 474 665 habet,
493 572 536 643 de
563 571 656 645 Filio
682 573 778 648 idem
805 572 1029 648 sentiendum
1055 577 1160 644 esset.
1190 569 1304 642 Sicuti
1330 577 1452 670 autem
1560 616 1563 620 -

356 669 465 746 Pater
496 675 574 771 ipse
606 681 702 748 totus
733 676 808 748 vita
839 682 904 768 est,
924 681 960 746 et
984 673 1060 746 vita
1091 673 1167 770 ejus
1185 697 1206 746 a
1224 672 1325 753 nulla
1342 696 1455 745 causa

356 777 491 870 pendet
506 777 531 870 ⁴,
549 777 601 849 ita
617 777 724 850 etiam
738 779 782 850 de
800 778 893 850 Filio
911 777 1085 870 intellige,
1099 783 1139 847 ut
1157 778 1201 848 de
1220 776 1340 868 Patre,
1356 775 1451 872 quod

354 900 485 976 nempe
502 880 614 954 vitam
630 882 738 954 babet
754 881 793 952 in
811 904 966 977 persona
983 904 1056 952 sua.
1078 878 1117 951 si
1147 886 1340 976 propterca
1355 879 1451 974 quod

318 1048 327 1066 ,
355 983 528 1080 scriptum
554 990 630 1056 cst:
653 985 738 1056 uIta
764 990 800 1056 et
825 984 918 1056 Filio
945 983 1044 1055 dedit
1060 1022 1094 1074 n,
1120 983 1288 1078 opinaris,
1306 987 1452 1078 praeter

266 1110 270 1118 ·
357 1083 489 1158 donum
516 1085 636 1158 Patris
657 1087 788 1160 Filium
806 1111 878 1160 non
903 1087 1035 1161 babere
1053 1085 1165 1158 vitam
1186 1085 1224 1156 in
1247 1083 1452 1186 semetipso,

355 1188 513 1284 priorem
531 1186 743 1262 sententiam
762 1189 979 1286 pervertisti,
993 1189 1077 1285 quia
1093 1211 1247 1284 persona
1260 1187 1344 1261 Filii
1361 1194 1453 1258 tam-

356 1314 464 1384 quam
480 1291 600 1364 ulicna
617 1293 726 1365 avita
743 1293 809 1367 tibi
825 1293 979 1365 videtur.
998 1293 1069 1364 Sed
1084 1314 1213 1388 corpus
1232 1293 1309 1388 ejus
1323 1291 1361 1361 in
1377 1312 1452 1360 me·

357 1393 456 1465 dium
483 1395 615 1490 profer,
633 1395 671 1467 in
697 1419 766 1491 quo
794 1397 886 1468 illud
906 1418 921 1453 u
939 1394 1070 1468 dedit„
1096 1395 1258 1488 colloces,
1280 1395 1295 1490 j
1351 1400 1388 1464 ta
1413 1392 1451 1466 id

356 1495 656 1593 quodsequitur:
687 1499 832 1572 Dedit
858 1499 901 1570 ci
926 1504 1227 1594 potestatem,
1254 1504 1304 1570 ut
1326 1495 1450 1592 judi·

358 1597 479 1670 cium
523 1601 678 1672 faciat·
714 1601 855 1674 silius
897 1600 1113 1673 hominis.
1158 1601 1283 1698 Itaque
1326 1622 1449 1670 vocem

359 1721 375 1757 α
394 1699 493 1773 dedit
510 1741 525 1776 n
547 1708 583 1774 et
609 1707 718 1778 verba
746 1728 761 1763 e
779 1704 877 1776 dedit
906 1706 1152 1798 potestatem„
1173 1703 1233 1774 'ita
1262 1701 1450 1796 intellige:

356 1801 396 1874 Si
412 1802 523 1878 Pater
553 1804 676 1900 vitam,
695 1831 800 1902 quam
833 1806 1071 1880 essentialiter
1102 1805 1346 1900 babet„alicui
1376 1805 1449 1897 dat,

352 1902 412 1976 hic
442 1929 515 1980 non
541 1907 581 1980 fit
612 1909 646 1980 ei
677 1909 1001 2003 consubstantialis,
1021 1910 1084 1982 sed
1112 1910 1289 2005 quoddam
1320 1906 1449 1979 additi-

351 2006 446 2080 oium
461 2035 471 2104 3
488 2033 556 2081 nec
572 2017 740 2105 tanquam
774 2011 889 2083 simile
921 2011 1055 2107 aliquid
1085 2011 1189 2084 Patri
1204 2011 1449 2108 implantatur.

301 2187 303 2192 ,
355 2109 395 2191 Si
413 2117 534 2184 tamen
565 2114 598 2184 ei
626 2113 901 2210 implantatur2,
927 2113 1010 2188 inde
1043 2121 1167 2211 postea
1196 2117 1237 2188 fit
1266 2114 1447 2210 particeps
1563 2139 1565 2141 ·

351 2219 503 2288 naturae
531 2215 620 2310 ejus,
638 2215 722 2288 licet
740 2216 881 2290 differat
899 2218 943 2290 ab
963 2218 1119 2313 essentia
1144 2217 1231 2312 ejus.
1256 2217 1305 2289 Et
1331 2216 1364 2290 si
1388 2240 1447 2288 su-

350 2335 416 2488 pder
442 2316 479 2388 id
512 2318 606 2413 quod
636 2342 709 2391 non
739 2319 874 2414 existit,
904 2318 1014 2392 vitam
1047 2321 1224 2406 essentiae
1255 2344 1341 2396 suae
1374 2319 1448 2413 dat,

349 2415 362 2485 i
390 2439 445 2490 em
473 2420 568 2494 est-⁵.

454 2522 526 2595 Sed
543 2525 705 2600 fortassis
724 2525 845 2608 dices:
867 2550 882 2584 u
898 2527 1027 2600 Nonne
1046 2527 1170 2600 deditl
1183 2567 1212 2604 n.
1225 2526 1314 2599 Dixi
1329 2552 1339 2598 :
1356 2527 1446 2601 Pro·
1470 2555 1472 2558 ·

350 2622 404 2696 fer
422 2648 565 2699 causam
596 2629 756 2725 corporis
774 2631 812 2702 in
842 2630 1000 2703 medium
1031 2637 1067 2702 et
1098 2632 1174 2704 sine
1206 2633 1446 2725 repugnantia

347 2726 483 2821 audies,
501 2728 647 2804 Patrem
665 2732 806 2806 dedisse
821 2735 859 2832 ‚ei
877 2733 939 2830 qui
955 2741 1167 2830 potestatem
1187 2733 1315 2830 judicii
1345 2757 1444 2806 acce·

347 2828 413 2924 pit.
432 2829 636 2918 Quinimmo
655 2841 692 2906 et
716 2837 893 2933 propheta
910 2837 953 2908 de
981 2838 1044 2909 illo
1066 2859 1081 2894 e
1098 2836 1197 2908 dedit
1213 2875 1242 2926 n,
1263 2842 1299 2906 et
1317 2836 1361 2908 de
1379 2861 1442 2932 po-

347 2937 476 3005 testate
488 2935 615 3032 judicii
632 2937 876 3012 testimonium
886 2935 1061 3036 perhibet,
1071 2940 1155 3035 quia
1171 2939 1383 3036 potestatem
1397 2941 1442 3012 li·

349 3035 498 3110 bertatis
517 3040 551 3110 ei
569 3041 732 3114 attribuit
746 3041 868 3116 dicens
883 3067 890 3114 :
913 3064 929 3100 α
947 3041 1059 3140 Cujus
1076 3050 1235 3139 potestas
1253 3043 1371 3138 posita
1388 3053 1444 3118 cst

347 3157 455 3236 super
471 3141 639 3216 humeros
657 3167 740 3217 suos
755 3143 770 3190 5
783 3185 816 3221 n.

427 3387 454 3443 1.
475 3387 525 3447 Ad
539 3390 686 3451 verbum:
701 3391 741 3450 ut
755 3394 819 3450 vita
834 3396 901 3472 ejus
917 3397 975 3455 sub
990 3394 1091 3454 causis
1105 3413 1166 3454 non
1185 3399 1234 3454 est
1248 3395 1403 3454 conclusa.

418 3465 453 3553 2.
474 3467 598 3528 Scilicet
620 3487 675 3545 per
695 3473 960 3545 glorificationem.
975 3474 1052 3533 CH
1072 3475 1165 3532 Pnrnr
1179 3477 1207 3547 1,
1220 3477 1248 3534 4.
1262 3475 1348 3533 Haec
1370 3489 1437 3531 sen-

347 3539 446 3598 tentia
458 3546 569 3618 partim
584 3564 623 3604 ex
638 3550 704 3607 cod.
718 3551 743 3606 B
759 3553 911 3626 completa
925 3557 982 3610 est.

423 3621 452 3677 3.
473 3621 521 3680 Sic
536 3625 612 3683 haec
627 3628 779 3686 sententia
793 3629 833 3686 ad
848 3630 975 3688 verbum
990 3647 1023 3688 se
1039 3631 1143 3689 babet.
1158 3631 1272 3690 Sensus
1295 3649 1334 3688 ex
1347 3647 1436 3706 prae·

345 3693 1435 3784 oemfflmffimffiwffiDfflwmmmmmmeffifflmfflmm-

343 3769 407 3848 bet,
421 3777 466 3834 eis
486 3797 564 3853 quae
588 3801 649 3840 non
673 3785 860 3858 existebant,
880 3805 936 3863 par
958 3787 1143 3846 creationem
1168 3786 1286 3859 tribuit,
1305 3787 1382 3844 haec
1404 3785 1434 3844 ei

341 3866 404 3910 non
418 3854 497 3912 fiunt
510 3861 794 3921 consubstantialia.

399 4007 402 4013 Ι
420 3935 449 3990 4.
470 3933 500 3992 S.
524 3942 632 3998 auctor
652 3941 863 3998 adversarium
886 3941 983 4018 finglt,
1005 3944 1056 4020 qui
1077 3942 1242 4002 assertioni
1265 3959 1339 3999 suae
1362 3941 1435 3999 insi·

341 4010 436 4100 stans,
452 4009 543 4072 dicit:
558 4015 665 4075 Nonne
680 4020 826 4096 scriptum
841 4024 899 4093 est,
914 4022 994 4096 quod
1012 4037 1025 4068 u
1039 4021 1148 4083 dedit„
1164 4023 1258 4079 Pater
1271 4020 1366 4078 vitam
1385 4019 1434 4076 ui-

339 4085 407 4149 lio?
423 4087 481 4148 Oui
494 4095 672 4169 respondet,
687 4097 810 4156 Patrem
824 4098 904 4158 Filio
919 4117 978 4174 qua
991 4099 1053 4159 lilio
1070 4100 1200 4160 hominis
1214 4099 1309 4157 vitam
1332 4098 1433 4156 dedis·

340 4181 385 4238 sc,
400 4167 480 4226 sicut
493 4171 525 4228 ct
534 4171 684 4247 J'udicinm
699 4176 727 4232 ei
742 4175 835 4234 dedit.
850 4177 886 4234 In
900 4180 990 4236 textu
1003 4180 1153 4254 impresso
1172 4181 1205 4234 et
1228 4181 1360 4253 utroque
1382 4195 1434 4235 co·

335 4242 407 4378 dice
426 4265 482 4382 pl'o
508 4262 660 4381 «ponne»
678 4257 728 4312 cst
754 4269 838 4316 “non
850 4285 877 4332 n,
891 4257 974 4333 quod
986 4257 1112 4318 Aucher
1132 4261 1217 4318 recte
1236 4256 1433 4332 interrogati·

358 4339 374 4382 ο
389 4343 448 4401 exp
462 4342 539 4386 rcavr
555 4370 562 4385 .

412 4399 615 4482 aab&
