3268 5220
1201 385 1243 460 11

167 514 407 611 Nequaquam.
425 513 528 608 Ecce,
545 534 680 587 merces
694 511 832 611 primae
859 511 982 612 alapae
1001 514 1035 589 ei
1053 537 1098 590 ex
1124 539 1247 592 neces·

166 619 269 692 sitate
286 623 462 712 servatur,
475 617 559 714 quia
574 617 655 690 inde
670 616 827 692 dolorem
843 642 970 716 passus
984 625 1048 714 est,
1063 626 1099 702 et
1110 643 1247 696 meroes

166 722 314 796 alterius
341 721 465 820 alapae
484 720 518 793 ei
535 721 694 814 debetur,
720 723 879 818 quamvis
907 723 983 820 ejus
1008 723 1148 798 dolores
1174 749 1247 798 non

165 849 291 922 passus
310 826 369 919 sit,
386 826 470 922 quia
486 825 519 898 ei
538 848 576 898 se
593 825 732 900 obtulit.

267 929 452 1003 Liberavit
464 929 582 1025 itaque
594 928 768 1002 Dominus
786 931 829 1003 ab
843 929 1025 1027 injustitia,
1040 931 1129 1004 sicut
1145 929 1247 1026 Moy-

165 1056 233 1126 ses,
252 1039 290 1104 et
307 1033 426 1105 multa*
436 1033 574 1106 addidit
592 1033 691 1106 adid
709 1033 802 1128 quod
818 1033 880 1105 ille
899 1033 1054 1107 dederat.
1074 1033 1143 1123 Qui
1162 1056 1247 1131 ergo

165 1136 359 1210 vindictam
376 1137 493 1230 sumit,
519 1142 614 1210 certe
639 1135 758 1233 perdit
771 1137 795 1208 ¹.
823 1136 940 1224 Quum
962 1144 1138 1211 amatores
1156 1137 1248 1212 lucri

164 1240 201 1312 in
213 1237 353 1312 occulto
366 1239 518 1337 spoliare
531 1239 653 1334 nollet,
668 1263 733 1312 sua
745 1240 916 1336 patientia
928 1263 988 1313 eos
1002 1241 1129 1336 docuit,
1138 1264 1249 1338 quan-

165 1349 239 1416 tam
259 1343 412 1438 gloriam
428 1342 599 1440 patientia
616 1342 823 1416 lucraretur.
849 1341 898 1416 Et
924 1343 1028 1418 multi
1055 1351 1167 1440 erant,
1184 1345 1247 1440 qui

165 1471 246 1520 eum
263 1446 502 1541 vindicabant,
520 1445 696 1544 quia'ipse
718 1471 755 1521 se
772 1471 844 1520 non
860 1445 1111 1522 vindicaverat.
1138 1447 1248 1536 Quin-

163 1549 273 1622 immo
300 1573 408 1648 quum
434 1549 591 1626 clavibus
605 1551 700 1624 cruci
713 1551 841 1624 affixus
859 1557 964 1644 essct,
979 1549 1167 1624 luminaria
1185 1575 1249 1625 suo

161 1649 307 1728 defectu
342 1659 526 1726 exactores
553 1659 589 1726 et
613 1654 771 1728 vindices
808 1655 884 1751 ejus
919 1653 1128 1728 factasunt.
1154 1655 1249 1729 Vide

159 1781 260 1853 ergo,
277 1757 397 1851 verba,
416 1757 484 1830 etsi
502 1756 569 1832 sibi
589 1758 827 1832 contradicere
844 1755 1043 1852 videantur,
1057 1759 1247 1832 coronam²

160 1867 283 1933 tamen
309 1860 547 1958 praemibrum
572 1861 758 1936 redimere.
784 1865 820 1937 A
844 1859 959 1960 primo
985 1863 1104 1958 itaque
1132 1862 1246 1958 gradu

160 1963 304 2036 initium
321 1963 499 2037 faciamus.
516 1965 671 2038 Lucrum
688 1989 856 2062 magnum
873 1970 928 2036 est
941 1965 975 2037 ci
988 1965 1050 2062 qui
1066 1989 1137 2039 non
1154 1965 1247 2064 inju-

160 2074 215 2140 ste
234 2067 437 2164 proximum
458 2091 560 2140 suum
585 2069 750 2164 percutit,
769 2077 806 2142 et
822 2091 958 2142 merces
984 2093 1114 2167 magna
1132 2069 1166 2141 ei
1183 2069 1246 2168 qui

162 2195 208 2245 ox
223 2172 307 2268 jure
325 2170 369 2242 de
387 2170 556 2268 injurioso
573 2171 764 2246 vindictam
781 2197 852 2246 non
870 2173 999 2270 sumit,
1017 2173 1165 2247 victoria
1183 2198 1245 2248 au·

160 2281 235 2348 tem
260 2297 392 2370 magna
417 2281 472 2347 est
498 2275 532 2346 ci
566 2275 690 2372 quiin
717 2277 835 2372 gratia
859 2274 978 2350 reddit
1017 2277 1156 2376 alapam
1182 2301 1248 2376 pro

162 2378 269 2476 alapa
282 2377 309 2450 ⁵.
327 2378 463 2476 Injuste
481 2401 551 2450 non
569 2378 654 2474 egit,
671 2379 750 2452 ideo
767 2405 839 2454 non
856 2379 1026 2478 peccavit,
1055 2388 1091 2453 et
1113 2381 1249 2454 vindic-

163 2489 237 2554 tam
253 2504 327 2554 non
344 2482 506 2579 sumpsit,
532 2481 611 2554 ideo
638 2484 908 2558 retributionem
929 2483 1067 2582 accipit,
1086 2484 1192 2560 immo
1211 2491 1248 2558 et

159 2585 315 2683 amplius
334 2585 443 2680 dedit,
461 2583 539 2658 ideo
556 2593 752 2661 coronatur.

269 2688 358 2764 Sed
401 2695 449 2762 tu
492 2712 626 2784 quum
671 2689 880 2788 jejunas,
924 2690 1032 2766 lava
1074 2691 1246 2767 faciem

163 2797 289 2866 tuam
325 2799 369 2864 et
402 2814 523 2888 unge
558 2801 697 2890 caput
730 2801 855 2866 tuum
889 2794 1023 2891 (Maru.
1049 2799 1084 2892 6,
1113 2798 1247 2892 17-24).

165 2895 266 2984 Quae
284 2901 320 2968 te
337 2895 511 2970 Dominus
524 2895 637 2989 dccet,
654 2896 818 2994 primum,
831 2919 876 2968 ne
888 2898 1090 2976 hominibus
1104 2899 1247 2998 placere

165 3001 323 3094 studeas,
335 3006 376 3072 ut
387 3005 533 3098 propter
545 3000 734 3074 humanam
754 2999 903 3098 gloriam
915 3001 1053 3098 jejunia
1068 3009 1131 3076 tua
1142 3003 1248 3100 fiant;

166 3110 205 3176 et
223 3103 388 3198 secundo,
405 3111 445 3175 ut
456 3102 622 3200 jejunans
639 3127 704 3200 per
720 3104 924 3180 abscondita
943 3105 1080 3203 jejunia
1097 3107 1249 3204 gratiam

164 3206 442 3282 remuneratoris
476 3207 759 3282 absconditorum
788 3208 1002 3305 jejuniorum
1038 3210 1104 3285 tibi
1132 3211 1247 3284 conoi-

166 3309 244 3384 lies.
271 3311 338 3384 Ne
372 3333 602 3409 appareas
636 3310 904 3386 hominibus
935 3313 950 3411 j
986 3313 1172 3410 junans,
1200 3338 1246 3388 ne

164 3413 244 3488 laus
263 3438 386 3488 eorum
402 3415 463 3510 qui
474 3413 612 3511 jejunia
626 3420 689 3488 tua
705 3421 881 3490 noverunt
893 3413 921 3510 ²¹,
938 3419 1101 3492 mercede
1122 3418 1250 3516 jejunii

165 3525 204 3591 te
228 3519 358 3616 privet.
385 3517 528 3592 Pater
553 3523 675 3614 tuus,
709 3520 787 3616 qui
821 3519 952 3594 videt
986 3522 1031 3594 in
1062 3525 1251 3596 abscon·

168 3621 280 3718 dito,
307 3622 548 3697 retribuet
573 3621 665 3696 tibi
689 3622 1135 3720 palamVerbadivina:
1153 3626 1250 3699 “La-

167 3840 232 3916 tali,
254 3843 287 3900 et
305 3857 423 3898 merces
442 3839 561 3916 gratiae
581 3857 650 3900 cum
669 3839 805 3915 foenore,
819 3841 852 3898 et
861 3841 998 3917 docetur,
1017 3842 1076 3902 hac
1093 3842 1249 3902 illamncn

167 3921 243 3980 tolli.
255 3920 374 3979 Versus
386 3917 477 3978 finem
489 3919 582 3998 hujus
596 3919 766 3979 sententiae
779 3919 915 3980 codicem
927 3921 953 3978 B
967 3923 1114 3998 sequutus
1128 3939 1206 3980 sum.

248 4001 276 4058 1.
295 3998 333 4058 Id
347 3999 413 4056 est:
428 3998 487 4068 Qui
497 3999 553 4058 sub
564 3997 631 4076 lege
645 3998 759 4058 christi
771 3999 935 4060 vindictam
947 4004 1048 4078 sumit,
1058 4001 1159 4080 perdit
1168 4017 1247 4060 mer-

171 4077 276 4138 cedem
290 4076 367 4152 legia
381 4078 413 4135 et
426 4077 553 4154 matius.

248 4158 277 4214 2.
298 4157 335 4214 In
349 4155 416 4216 cod.
427 4158 452 4216 B
464 4177 471 4216 :
484 4155 648 4216 Virtutem.
1082 4223 1084 4234 ,

246 4238 274 4292 3.
295 4234 345 4294 Sic
358 4235 455 4294 rerba
467 4253 501 4294 so
514 4235 639 4294 habent.
653 4232 766 4293 Sensus
780 4249 849 4294 esse
862 4234 1001 4296 ridetur:
1023 4236 1082 4305 Qui
1103 4235 1247 4314 injuriam

171 4311 295 4372 facienti
309 4331 350 4372 ex
363 4313 463 4390 gratia
475 4313 658 4372 beneficium
670 4314 819 4389 praestat.
830 4313 876 4373 cf.
889 4315 966 4374 ch.
982 4317 1029 4390 12,
1043 4318 1091 4373 20.

192 4467 200 4481 .
243 4392 397 4528 tl.1tcin
419 4393 485 4453 cod.
502 4394 542 4454 B.
569 4393 607 4451 In
635 4391 701 4452 cod.
714 4393 761 4452 A:
785 4392 870 4462 «Qui
891 4394 953 4454 tuis
969 4393 1095 4471 jejuniis
1114 4392 1247 4453 interve*

171 4483 241 4527 1111111
269 4501 295 4533 a·
