3344 5200
1171 221 1179 254 l

230 393 233 404 ·
341 342 412 416 236

449 461 741 538 Dominus'dixit
766 462 845 536 eis:
875 463 1015 552 Quem
1047 465 1323 562 quaeritis?
1350 465 1434 562 quia

315 591 473 666 ‘nempe
500 567 703 660 credebant,
730 565 832 638 illum
860 590 906 638 ex
936 567 1099 640 manibus
1127 593 1251 642 eorum
1281 593 1319 641 se
1346 569 1435 642 libe-

302 671 305 678 ’
346 697 427 748 1111
456 695 534 744 non
563 691 679 767 posse.
718 668 894 744 Dicunt
929 669 1002 742 ei:
1038 671 1193 744 Iesum
1233 672 1434 744 Nazare-

345 773 615 850 numDixit
642 773 711 846 eis
737 773 908 844 Iesus:
952 771 1048 868 Ego
1086 797 1191 846 sum.
1219 774 1333 848 Dum
1365 774 1435 846 ad·

304 899 307 904 ·
344 874 1177 970 1111111111111111111111,11111
1208 877 1434 970 abierunt

344 978 654 1078 etprostrati
691 983 798 1050 sunt
833 977 880 1050 in
914 984 1098 1052 terram.
1141 979 1317 1053 (1111111ι
1351 987 1436 1052 sunt

345 1109 465 1158 coram
491 1105 532 1153 eo
559 1081 704 1173 invitus,
723 1087 762 1151 ut
779 1079 968 1173 discerent,
986 1105 1068 1154 eum
1093 1082 1294 1155 voluntarie
1325 1081 1437 1154 mani·

346 1189 414 1262 bus
433 1197 555 1264 eorum
570 1208 608 1258 se
626 1183 778 1258 tradere.
793 1184 844 1254 At
857 1183 912 1254 illi
929 1189 1153 1279 potestatem,
1166 1209 1257 1280 quae
1276 1208 1337 1258 eos
1356 1207 1438 1280 pro-

348 1295 536 1380 straverat,
555 1311 627 1358 non
644 1285 791 1360 reveriti
808 1285 967 1382 impuras
985 1311 1111 1360 manus
1133 1289 1384 1382 extenderunt,
1403 1293 1440 1360 et

348 1417 452 1466 suum
491 1391 754 1486 purificatorem
795 1389 1117 1484 apprehenderunt.
1154 1391 1278 1464 Simon
1316 1387 1439 1464 aurern

346 1496 453 1568 unius
471 1518 516 1565 ax
536 1494 586 1565 eis
605 1491 766 1584 abscidit,
783 1515 910 1588 verum
926 1493 1103 1588 benignus
1121 1492 1297 1567 Dominus
1319 1495 1358 1566 in
1376 1517 1440 1566 sua

347 1596 506 1670 bonitate
526 1619 605 1678 earn
623 1593 776 1690 sumpsit
802 1595 893 1665 etin
911 1593 989 1667 loeo
1006 1618 1069 1668 suo
1095 1596 1238 1668 excelso
1256 1595 1440 1669 111111111-

265 1718 267 1724 ·
349 1699 441 1790 fixit,
459 1699 497 1771 in
516 1697 785 1771 similitudinem
802 1696 992 1791 hominisss,
1012 1698 1074 1793 qui
1090 1721 1155 1794 per
1173 1723 1238 1772 sua
1255 1699 1385 1770 delicta
1402 1699 1441 1772 in
1499 1791 1504 1798 1

347 1802 559 1898 profundam
577 1803 744 1896 abyssum
763 1797 948 1872 ceciderat.
968 1800 1207 1874 Converte
1231 1801 1441 1896 gladium

256 1943 258 1946 v
349 1913 476 1978 tuum
517 1905 667 1976 denuo
703 1902 749 1974 in
788 1902 939 1974 locum
979 1928 1120 1977 suum.
1150 1901 1261 2001 Cujus
1291 1907 1440 1978 verbum

350 2007 492 2104 gladius
511 2013 576 2100 est,
595 2005 715 2100 gladio
732 2027 805 2076 non
823 2004 972 2100 indiget,
992 2014 1028 2078 11
1046 2007 1108 2101 qui
1128 2005 1165 2078 in
1194 2031 1296 2080 suum
1322 2007 1441 2080 locum

348 2134 472 2182 aurem
491 2109 683 2182 abscissam
701 2107 918 2200 restituerat,
937 2112 1097 2182 membra
1114 2109 1302 2205 conjuncta
1314 2109 1444 2184 dissol-

348 2235 433 2286 vere
451 2212 577 2308 potuit.
595 2209 733 2284 Verum
751 2232 797 2280 ue
815 2209 853 2280 iu
870 2234 940 2282 uno
967 2218 1105 2282 tantum
1123 2235 1169 2283 cx
1193 2211 1245 2285 eis
1270 2212 1441 2286 virtutem

293 2367 298 2374 ·
348 2313 627 2410 omnipotentiae
659 2335 744 2384 suas
775 2313 989 2408 ostenderet,
1020 2315 1170 2386 eandem
1201 2323 1238 2390 et
1254 2315 1293 2388 in
1313 2315 1445 2387 ceteris

349 2417 524 2510 exhibuit,
551 2440 659 2512 quum
686 2415 950 2488 retrocederent
976 2417 1075 2489 etin
1101 2425 1236 2491 terram
1262 2417 1443 2490 caderent.

348 2521 398 2594 Et
415 2543 460 2592 ne
478 2543 571 2592 unus
588 2525 739 2609 tantum,
758 2517 859 2612 cujus
877 2541 999 2591 aurem
1018 2527 1217 2614 sanaverat,
1231 2523 1299 2594 sub
1324 2519 1444 2615 gratia

351 2623 635 2715 concluderetur,
662 2643 795 2712 ornnes,
813 2621 875 2718 qui
902 2645 982 2692 eum
1008 2628 1210 2716 tenuerunt,
1233 2625 1299 2697 sub
1326 2623 1457 2718 gratia

350 2725 534 2819 conclusit,
564 2731 604 2798 ut
635 2725 776 2817 scirent,
808 2723 854 2794 ad
884 2747 989 2820 quem
1021 2726 1215 2798 tenendum
1248 2726 1445 2799 venisseut.

350 2829 446 2902 Nam
473 2829 588 2904 solum
614 2851 679 2924 per
705 2827 803 2899 illius
831 2827 993 2922 gratiam,
1016 2828 1077 2924 qui
1104 2851 1150 2900 ex
1177 2829 1295 2923 gratia
1320 2852 1442 2902 aurern

346 2935 511 3005 'sanatam
528 2930 605 3004 loco
624 2954 686 3002 suo
705 2929 920 3021 reddiderat,
937 2930 992 3001 illi
1010 2955 1048 3004 se
1072 2930 1211 3026 erigere
1237 2938 1442 3028 potueruut,

352 3034 414 3129 qui
426 3033 525 3108 humi
542 3033 713 3130 prostrati
731 3039 843 3104 erant.
864 3033 936 3106 Sed
954 3057 1063 3128 quum
1081 3035 1227 3130 paulum
1245 3034 1380 3130 aliquid
1398 3034 1446 3106 de
1559 3097 1563 3102 .

352 3159 418 3210 sua
433 3143 611 3238 potestate
630 3135 844 3229 ostenderet,
864 3135 979 3208 denuo
997 3139 1168 3232 prostrati
1183 3139 1350 3234 jacebant
1368 3160 1446 3208 orn-

349 3261 427 3336 nes,
445 3241 507 3340 qui
533 3264 614 3314 eum
640 3239 901 3336 apprehensuri
917 3246 1099 3312 venerant.
1128 3239 1297 3314 Gladium
1324 3245 1443 3312 autem

353 3342 478 3415 Simon
509 3367 574 3438 per
601 3341 811 3437 mysterium
847 3341 1040 3436 eduxerat,
1067 3350 1108 3416 ut
1138 3346 1288 3417 verbum
1323 3341 1445 3437 Moysi

351 3445 640 3518 confirmaretur:
662 3466 677 3500 e
696 3443 820 3516 Omnis
839 3445 967 3538 anima,
986 3469 1077 3540 quae
1094 3470 1167 3518 non
1183 3447 1337 3518 audierit
1362 3467 1443 3542 pro·

351 3547 499 3644 phetam
524 3546 643 3640 istum,
670 3553 784 3618 morte
810 3545 982 3620 morietur
999 3547 1056 3622 15.
1076 3549 1193 3638 Quum
1210 3571 1296 3622 vero
1321 3547 1444 3620 Domi-

352 3671 421 3722 nus
439 3649 520 3722 finis
548 3655 643 3723 esset
661 3647 823 3744 justitiae
843 3655 879 3722 et
896 3649 1038 3722 initium
1065 3651 1343 3744 misericordiae,
1367 3648 1448 3745 gla-

352 3751 452 3826 dium
468 3753 554 3849 ejus
581 3752 619 3824 in
645 3752 776 3846 vagina
801 3753 968 3848 reclusit,
996 3759 1034 3825 11
1051 3754 1228 3849 justitiam
1253 3755 1292 3826 in
1325 3753 1442 3825 locum

352 3879 456 3929 suurn
478 3855 622 3929 reduxit
639 3861 676 3928 et
692 3855 730 3928 in
747 3855 992 3929 misericordia
1010 3856 1055 3928 ad
1073 3858 1292 3930 sanationem
1318 3855 1447 3928 vulne·

351 3959 403 4036 ris
415 3981 481 4058 per
498 3957 657 4054 gladium
675 3957 801 4031 inflicti
816 3959 978 4034 accessit.
995 3960 1133 4033 Aurem
1150 3959 1322 4034 inlocum
1340 3981 1447 4032 suum

436 4237 462 4296 1.
483 4233 532 4294 Sic
546 4234 577 4291 in
592 4233 660 4292 cod.
673 4236 707 4292 B.
722 4236 759 4294 In
774 4237 842 4297 cod.
857 4239 904 4296 A:
922 4253 935 4285 a
950 4236 1110 4297 obcaecati
1127 4237 1199 4296 sunt
1210 4231 1238 4300 „J

432 4313 460 4370 2.
481 4311 530 4371 Sic
544 4312 575 4369 in
588 4313 725 4386 margine
740 4315 856 4378 codicis
868 4317 897 4375 Α
910 4315 960 4377 hic
973 4317 1060 4377 locus
1075 4316 1258 4392 explicatur.

433 4392 461 4447 3.
482 4389 575 4449 Dcur.
592 4394 638 4468 18,
654 4394 753 4454 18-19.
