3344 5200
362 325 431 400 248

365 457 587 546 aberrarunt,
605 454 660 527 vis
688 454 836 528 alterius
865 479 949 528 suae
970 458 1074 530 cocis
1093 479 1152 530 eos
1171 453 1347 552 corrosit
1366 453 1462 544 Quia

365 579 435 628 vox
454 557 570 652 prima
594 557 790 632 ludibrium
811 566 887 632 erat
913 559 950 632 in
978 584 1038 632 cre
1066 583 1201 652 eorum,
1220 568 1256 632 et
1281 558 1402 635 illusio
1420 567 1459 630 et

364 659 483 733 irrisio
508 662 545 732 in
571 661 691 734 verbis
719 684 854 754 eorum,
871 684 942 734 vox
975 663 1088 736 altera
1114 686 1179 736 rae
1215 663 1313 738 facta,
1336 668 1404 736 cst
1418 661 1459 733 in

299 760 302 768 ’
365 785 425 836 ore
453 785 575 836 eorum
603 770 639 834 et
664 761 857 860 complosio
884 789 1051 840 manuum
1077 766 1115 844 in
1141 772 1285 862 pectore
1320 787 1461 836 eorum,

155 940 157 949 ,
267 921 270 927 .
366 864 459 952 Quia
476 889 547 938 vox
578 866 694 962 prima
725 868 914 962 reprobata
944 876 1011 962 est,
1040 869 1138 941 misit
1166 867 1334 961 aiteram,
1364 888 1458 962 quae

366 968 558 1042 vindictam
576 971 708 1042 faceret
726 969 763 1040 in
782 971 1031 1064 reprobatores
1051 973 1138 1068 ejus.
1167 970 1269 1058 Quod
1296 969 1343 1042 ad
1358 969 1460 1065 ipsos

365 1071 466 1150 Elias
494 1072 625 1162 veniet,
652 1070 721 1163 iili,
746 1077 838 1142 teste
866 1073 1062 1169 Scriptura,
1089 1073 1335 1165 crediderunt,
1362 1071 1459 1167 quod

368 1181 487 1246 autem
505 1175 550 1246 ad
578 1173 761 1246 Christum
788 1173 888 1250 Elias
907 1177 1029 1249 venire
1048 1177 1172 1274 possit,
1189 1175 1227 1248 id
1245 1176 1297 1248 eis
1324 1174 1459 1253 ridicu-

344 1274 440 1346 ‘lum
457 1277 655 1350 videbatur.
692 1276 809 1364 Quum
837 1299 921 1348 vero
948 1281 1143 1376 prophetae
1169 1277 1458 1374 desperationem

366 1399 487 1450 eorum
520 1388 556 1452 et
586 1381 769 1452 interitum
800 1379 898 1452 urbis
929 1381 1184 1477 praedixisset,
1215 1386 1339 1453 contra
1368 1379 1460 1452 istos

366 1503 448 1553 suos
466 1483 658 1578 populares
676 1481 799 1554 testati
819 1491 913 1575 runt,
933 1485 1026 1578 quod
1043 1483 1086 1560 ad
1107 1507 1167 1566 eos
1184 1483 1285 1561 Elias
1307 1505 1378 1557 uon
1395 1503 1459 1554 ve·

364 1583 449 1655 niet.
469 1583 585 1672 Quum
613 1607 738 1656 manus
758 1583 833 1680 ejus
862 1586 973 1658 clavis
1000 1588 1243 1683 affigerentur,
1270 1585 1460 1680 affigentes

313 1763 315 1766 ,
363 1687 526 1781 ¹coarguit
557 1687 684 1780 lutum,
703 1687 795 1782 quod
816 1688 860 1758 ad
879 1691 1091 1785 aperiendos
1121 1689 1241 1768 oculos
1273 1709 1458 1761 caecorum

362 1809 490 1860 manus
508 1792 585 1886 ejus
602 1789 854 1863 formaverunt.
882 1791 1011 1868 Manus
1030 1793 1123 1872 enim
1143 1793 1231 1888 ejus,
1251 1790 1312 1886 qui
1339 1789 1459 1886 potuit
1494 1787 1496 1791 ’

363 1893 504 1986 aperire
531 1893 651 1966 oculos
678 1913 874 1985 caecorum,
893 1903 933 1966 ut
959 1897 1076 1991 ipsum
1102 1895 1281 1986 viderent,
1305 1900 1401 1964 certe
1420 1897 1459 1962 et

360 2000 526 2088 poterant
556 1998 746 2068 obcaecare
778 1996 1037 2092 crucifigentes,
1054 2005 1094 2070 ut
1111 1998 1229 2094 ipsum
1257 2019 1328 2068 non
1355 1994 1460 2070 ride-

362 2105 455 2168 rent.
474 2097 520 2168 Et
538 2121 602 2194 per
616 2099 737 2170 firmos
755 2100 831 2192 ejus
851 2100 972 2194 pedes,
985 2101 1047 2196 qui
1064 2101 1184 2173 densis
1201 2099 1354 2173 vinculis
1372 2098 1457 2174 sub·

360 2199 463 2272 missi
491 2207 582 2292 sunt,
610 2199 843 2272 condensatae
870 2203 998 2296 undae,
1025 2225 1115 2298 quae
1142 2203 1274 2298 ligatae
1303 2199 1457 2296 pedibus

361 2301 438 2395 ejus
456 2325 495 2374 se
514 2303 766 2395 submiserunt,
787 2301 958 2398 ligatores
985 2307 1062 2400 ejus
1086 2305 1365 2396 convincebant,
1391 2325 1457 2398 pe·

363 2403 427 2482 des
446 2405 551 2496 enim,
566 2407 626 2502 qui
646 2429 753 2500 super
772 2405 915 2477 dorsum
934 2409 1110 2482 undarum
1129 2407 1312 2482 ambulare
1330 2411 1458 2502 potue-

312 2577 317 2582 .
361 2513 458 2598 runt,
478 2508 563 2602 quin
582 2509 891 2602 immergerentur,
909 2518 1104 2606 potuerunt
1129 2518 1165 2584 et
1191 2510 1331 2584 calcare
1347 2508 1456 2582 dorsa

359 2608 592 2702 inimieorum,
611 2633 655 2682 ue
675 2633 755 2682 eum
772 2611 810 2682 in
828 2635 969 2685 crucem
987 2621 1148 2708 agerent.

361 2776 366 2784 .
464 2713 536 2786 Sed
555 2736 633 2785 cum
665 2736 794 2808 corpus
826 2715 901 2810 ejus
928 2716 966 2788 in
996 2717 1108 2812 ligno,
1125 2716 1163 2788 in
1190 2739 1260 2810 quo
1290 2712 1453 2790 thesauri

292 2833 295 2838 ·
359 2813 454 2886 ritae
473 2816 632 2910 gentium
651 2823 763 2908 crant,
782 2818 1062 2912 suspendissent,
1079 2818 1239 2916 respexit
1256 2817 1301 2896 ai
1319 2823 1452 2893 terram

360 2919 532 3010 gentium,
551 2942 640 3014 quae
667 2919 732 2990 hos
761 2921 946 2992 thesauros
974 2921 1119 3018 accepit.
1149 2921 1287 3018 Jcseph
1310 2941 1454 3014 ¹quoqne¹

361 3018 476 3092 dixit:
499 3022 677 3093 «Portare
695 3045 778 3094 ossa
803 3045 882 3093 mea
907 3024 1022 3100 hinc-e
1042 3025 1067 3115 ¹,
1085 3025 1168 3120 quia
1185 3021 1357 3120 quamdiu
1382 3019 1453 3096 iste

360 3131 503 3196 sanctus
535 3125 725 3196 thesaurus
757 3125 794 3194 in
825 3124 889 3196 illa
918 3134 1016 3200 terra
1042 3126 1225 3200 immunda
1250 3123 1454 3221 depositum
1525 3195 1530 3204 ,

361 3235 449 3319 arat,
468 3227 566 3300 Deus
585 3251 664 3300 oum
684 3251 726 3298 ea
743 3228 1022 3304 misericordiam
1040 3230 1132 3302 fecit.
1152 3229 1209 3301 Ex
1228 3228 1352 3302 eadam
1370 3247 1452 3304 cau.-

358 3349 397 3398 sa
408 3331 432 3400 J
433 3329 537 3401 udaei
556 3355 601 3402 ex
617 3338 713 3416 terra
727 3329 946 3424 Babyloniae
965 3332 1101 3405 reversi
1116 3339 1208 3404 sunt.
1222 3332 1271 3404 hit
1285 3332 1315 3402 si
1326 3330 1393 3407 hoc
1407 3329 1453 3400 de

358 3429 498 3503 Sanctis
516 3433 623 3526 valet,
642 3439 774 3526 quanto
793 3434 908 3526 magis
927 3435 971 3506 de
998 3435 1151 3507 Domino
1169 3457 1302 3506 eorum.
1328 3430 1453 3509 Glaris

356 3531 485 3604 affixae
506 3543 589 3604 sunt
607 3557 744 3626 manus,
762 3559 852 3628 quae
883 3561 950 3609 nos
967 3562 989 3610 a
1005 3537 1157 3610 vinculis
1183 3536 1311 3610 mortis
1337 3533 1452 3610 solve-

355 3641 449 3708 runt.
467 3636 608 3708 Afflxae
628 3645 710 3708 sunt
729 3661 865 3730 manus,
884 3663 974 3735 quae
1005 3640 1189 3715 solverunt
1215 3637 1364 3714 vincula
1387 3659 1450 3710 uo·

356 3745 431 3811 stra
445 3745 479 3809 et
493 3739 687 3812 vinxerunt
707 3763 766 3811 ecs
781 3741 842 3834 qui
855 3765 919 3814 nos
938 3742 1104 3838 ligarent.
1119 3741 1252 3818 Mirum
1271 3747 1337 3832 cst,
1355 3739 1450 3834 quod

353 3841 485 3914 mortui
500 3841 619 3914 virum
638 3843 844 3916 occiderunt
863 3852 900 3916 et
916 3845 1053 3925 occisus
1064 3853 1228 3919 mortuos
1245 3841 1450 3917 vivificavit.
1565 3900 1570 3904 .

353 3943 412 4017 Illi
439 3946 595 4018 furorem
624 3970 726 4018 suum
755 3956 933 4046 auxerunt
961 3955 996 4020 et
1024 3948 1232 4022 exhrlcrurrt
1259 3948 1303 4020 im
1326 3945 1449 4038 altum,

353 4047 411 4119 hic
430 4073 495 4120 sua
513 4049 702 4144 magnifica
721 4049 813 4121 dona
832 4052 934 4124 auxit
964 4058 1001 4124 et
1031 4075 1142 4148 usquc
1174 4051 1211 4121 in
1228 4048 1449 4146 'profundum

351 4151 503 4224 demisit.
528 4152 597 4242 Hic
615 4161 670 4224 est
688 4160 859 4246 mortuus,
879 4179 983 4250 quem
1003 4178 1097 4228 mors
1126 4152 1246 4250 rapuit
1269 4160 1308 4232 ct
1329 4153 1449 4224 abstu-

431 4388 456 4440 1.
480 4385 554 4440 css.
576 4385 622 4457 eo,
638 4383 685 4438 25.
