3330 5200
1223 365 1290 440 137

200 501 382 592 praestare
408 519 481 572 nou
505 489 658 593 poterat,
676 493 740 567 sed
766 493 850 590 quia
872 493 1017 590 sciebat,
1034 493 1101 572 hoe
1127 493 1179 570 eis
1200 497 1292 572 utile

200 623 271 674 non
295 599 382 673 foro.
408 598 555 700 Moyses
573 598 668 672 enim
694 597 732 670 id
758 597 810 670 eis
836 599 930 693 feeit,
948 621 1015 672 noe
1039 599 1183 698 profuit,
1204 601 1292 697 quin

203 702 309 776 immo
326 710 453 798 postea
468 727 490 776 a
507 701 650 776 foedere
669 701 745 798 ejus
764 703 883 776 aversi
900 709 985 776 sunt
1002 709 1038 776 et
1063 726 1181 777 mores
1206 727 1291 778 suos

202 805 453 902 depravarunt.
592 896 594 901 ,

303 909 355 982 At
371 907 546 982 Dominus
563 930 636 982 non
654 930 827 1003 spernens
845 908 939 982 dona
963 907 1137 984 mittentis
1160 932 1210 1004 se,
1229 911 1293 984 sed

203 1011 410 1107 vituperans
428 1013 631 1108 acceptores
650 1012 835 1104 donorum,
854 1011 981 1106 soiens,
999 1034 1105 1108 quem
1130 1013 1237 1084 finem
1255 1037 1293 1088 a·

202 1137 321 1188 marus
340 1138 463 1190 eorum
479 1115 618 1188 animus
636 1114 795 1206 haberet,
813 1113 906 1188 dixit
928 1115 974 1188 od
993 1137 1077 1187 eos:
1103 1115 1192 1189 Hio
1221 1123 1295 1188 est

204 1217 360 1312 panis,
386 1217 464 1314 qui
490 1216 742 1290 deseendit
767 1216 820 1288 de
847 1216 999 1311 ooelo,
1026 1217 1066 1290 si
1098 1219 1205 1314 quis
1237 1241 1294 1292 ex

204 1341 253 1394 eo
279 1320 606 1412 manducabit,
633 1343 735 1392 num
762 1325 808 1392 et
833 1320 1116 1394 m'orietur?¹
1149 1321 1295 1416 Nequa-

204 1445 322 1515 quam,
337 1423 435 1518 dioit,
448 1423 534 1518 quia
545 1423 604 1496 hio
616 1429 672 1496 est
681 1421 795 1518 panis,
807 1421 869 1518 qui
882 1421 949 1495 toti
961 1423 1093 1496 mundo
1108 1421 1213 1496 datus
1228 1431 1295 1498 est.

202 1523 322 1621 Moysi
346 1551 419 1600 non
445 1527 641 1624 perfeetum
665 1523 800 1598 Manna
825 1525 947 1598 datum
966 1533 1033 1616 est,
1054 1525 1135 1599 ideo
1162 1525 1297 1600 Manna

205 1627 281 1722 ejus
300 1630 386 1702 solis
412 1628 590 1704 Israelitis
608 1627 767 1701 dabatur.
786 1627 839 1701 Ut
856 1634 976 1701 autem
1003 1629 1217 1723 ostenderet,
1235 1629 1298 1701 do-

203 1728 259 1804 nis
278 1734 353 1806 suis
367 1733 460 1806 dona
472 1731 610 1827 Moysis
628 1731 802 1826 superari,
821 1729 926 1802 siouti
938 1730 1122 1804 vocatione
1136 1733 1298 1827 gentium

203 1836 342 1912 vocatio
355 1835 480 1932 populi
493 1835 603 1908 durae
622 1832 770 1906 eerviois
785 1840 986 1930 superatur,
1000 1833 1107 1906 dieit:
1126 1835 1298 1930 Omnis,

205 1938 285 2033 qui
311 1939 565 2012 manducat
592 1961 648 2009 ex
673 1936 758 2008 hoo
784 1935 1297 2033 pane,vivetinaoter-

205 2061 319 2114 num.
347 2041 440 2130 Quia
465 2041 570 2138 panis
595 2039 667 2114 Dei
688 2039 874 2114 deseendit
891 2039 935 2112 de
962 2038 1072 2133 eaelo,
1098 2039 1207 2114 etiam
1231 2041 1299 2114 toti

204 2145 336 2218 mundo
363 2143 468 2217 datus
499 2149 565 2217 est.
596 2143 736 2217 Nemo
763 2148 924 2240 potest
949 2141 1004 2214 ad
1030 2165 1096 2214 me
1121 2144 1299 2238 venire,

206 2246 303 2320 nisi
344 2247 500 2340 Pater,
527 2245 606 2343 qui
644 2243 777 2322 misit
802 2267 880 2339 me,
912 2245 1073 2318 trahet
1107 2252 1206 2318 eum
1245 2248 1300 2320 ad

205 2347 250 2444 ip
261 2349 391 2422 sum2.
407 2349 509 2440 Quod
528 2348 632 2440 dixit,
645 2353 686 2418 ut
704 2347 866 2422 doctrina
884 2347 996 2421 aDeo
1015 2348 1067 2422 eis
1086 2348 1169 2420 deta
1186 2349 1225 2421 in
1247 2351 1301 2424 eis

205 2451 251 2524 ad
268 2451 462 2550 sffieaoiam
488 2451 717 2526 excitaretur.
735 2452 806 2526 Ast
824 2450 887 2526 ubi
914 2459 968 2524 est
984 2451 1095 2525 illud:
1114 2451 1194 2548 Ego
1221 2475 1300 2526 sum

206 2554 311 2630 viaet
320 2564 427 2653 porta
440 2554 583 2630 ovium⁵
595 2555 612 2625 t
626 2552 740 2628 Porro
754 2554 847 2627 dixit
860 2553 938 2650 hoo,
947 2563 988 2628 ut
999 2555 1244 2652 unusquisque
1255 2579 1302 2628 ex

208 2658 259 2732 eis
268 2660 446 2755 perfectus
460 2659 574 2751 fieret,
589 2663 771 2751 tamquam
786 2657 899 2730 aDeo
913 2665 1059 2751 tractus,
1070 2665 1106 2730 et
1118 2657 1185 2731 hoo
1196 2659 1303 2730 modo

207 2771 306 2834 serta
323 2763 399 2858 ejus
425 2761 605 2858 possessio
634 2760 812 2832 evaderet.
840 2759 912 2848 Qui
939 2761 1034 2832 enim
1053 2759 1098 2832 ad
1117 2758 1302 2834 Christum

206 2873 394 2957 venerunt,
415 2865 522 2961 juxta
543 2886 674 2937 nomeu
692 2861 812 2936 Patris
839 2861 1012 2958 appellati
1039 2869 1133 2956 sunt,
1151 2862 1213 2958 qui
1239 2887 1302 2935 au·

208 2973 280 3040 tem
298 2968 494 3064 perierunt,
507 2970 615 3064 juxta
632 2989 762 3038 nomeu
776 2965 940 3040 Satanae.
961 2969 978 3024 'a
995 2965 1044 3037 Et
1061 2987 1166 3038 nemo
1185 2987 1232 3037 ex
1249 2966 1303 3040 eis

208 3070 327 3166 periit,
345 3070 416 3144 nisi
437 3071 552 3144 Filius
577 3067 790 3166 perditionis
804 3067 820 3115 '⁸
833 3107 861 3143 s.
880 3067 997 3142 Simili
1024 3068 1162 3141 ratione
1189 3092 1303 3166 popu·

207 3171 264 3248 lus
289 3173 416 3268 Israel,
437 3175 499 3270 qui
516 3179 738 3270 peceaverat,
750 3172 858 3268 juxta
883 3195 1014 3244 nomen
1039 3169 1177 3268 Moysis
1199 3195 1304 3246 voea-

210 3283 267 3352 tus
286 3284 352 3370 est,
366 3277 451 3374 quia
464 3277 502 3350 in
515 3275 653 3372 Moysis
671 3275 882 3348 auctoritate
901 3276 1096 3372 perstabat.
1114 3273 1204 3362 Qui
1221 3299 1305 3348 ma·

209 3377 382 3454 ledieit
419 3379 551 3478 patri
592 3402 672 3453 suo
711 3385 791 3452 aut
822 3380 962 3452 matri
989 3401 1110 3474 suae,
1150 3385 1305 3454 morte

209 3483 441 3558 moriatur
459 3481 595 3581 (Msrs.
608 3485 664 3575 15,
682 3482 792 3576 1-12),
807 3487 844 3556 et
857 3482 918 3579 qui
935 3481 1161 3578 blasphemat
1174 3480 1305 3578 Deum,

291 3735 319 3793 1.
339 3733 375 3791 In
391 3730 459 3794 eod.
473 3733 518 3791 B:
542 3730 639 3790 “Non
651 3727 800 3788 morietur
812 3757 838 3790 s.
859 3727 974 3787 Sensus
987 3723 1130 3784 lectionis
1145 3721 1261 3784 oodieis
1275 3723 1305 3782 A

209 3811 259 3872 irio
274 3813 340 3872 ost:
360 3812 441 3872 Num
455 3811 605 3870 morietur
628 3807 816 3866 manducans
830 3824 872 3864 ex
885 3806 943 3864 hoo
964 3807 1067 3883 pauet
1090 3804 1305 3880 Nequaquam,

210 3891 378 4030 “qimi
389 3891 549 4026 ”iiiut
563 3886 696 4022 quialuio
710 3885 858 4022 imitati
871 3885 966 4022 {stt
978 3879 1306 4022 tttdm‘ittt

210 3976 273 4111 {Mn
285 3986 443 4120 mestiqqqu
458 3987 533 4104 dieii
544 3982 790 4119 Mididiifqiia
802 4007 856 4100 hie·
865 4040 963 4121 panis,
978 4041 1039 4100 eto.
1140 3991 1167 4024 ᾖ.

290 4129 319 4185 2.
340 4127 378 4185 In
393 4125 459 4184 eod.
474 4124 516 4182 B:
534 4123 698 4185 «αᾱιηθῃ.

288 4207 317 4262 3.
338 4202 577 4282 objectionem:
604 4198 764 4272 Quomodo
794 4195 935 4258 Christus
961 4195 1013 4255 ria
1037 4192 1174 4256 fidolium
1199 4191 1307 4252 vocari

209 4283 321 4363 possit,
347 4283 374 4342 si
400 4283 495 4341 Pater
525 4295 580 4341 sos
603 4277 707 4352 trahit,
735 4280 892 4338 sanator
918 4289 1068 4354 responso
1097 4271 1221 4351 diguam
1243 4287 1307 4332 nou

215 4361 342 4424 consuit.

293 4445 322 4500 4.
342 4441 428 4502 loss.
450 4437 561 4512 17,12.
