3302 5186
1231 353 1297 432 201

208 477 341 552 'videt
366 479 530 557 iumen
559 476 695 570 Quibus
714 478 833 555 verbis
861 504 925 578 per
949 477 1248 576 comparationem
1266 488 1303 554 et

210 580 402 678 imaginem
420 584 615 681 Apostolos
633 585 747 657 voluit
763 585 901 678 dooere,
914 585 938 658 J
939 583 1070 656 ndaeos
1096 589 1178 655 ante
1196 582 1302 656 finem

209 685 294 758 anni
324 687 556 781 remissionis,
571 688 636 783 qui
666 695 721 762 ost
751 693 865 760 mater
887 685 1062 760 mensium
1079 685 1104 780 ¹,
1121 709 1192 758 non
1223 709 1304 762 esse

210 787 407 866 offensuros
425 817 490 888 per
503 791 717 865 occisionem
734 789 889 882 Domini,
905 812 975 886 qua
988 791 1156 864 tenebrae
1175 812 1305 882 regna·
1378 873 1381 878 ,

208 897 311 964 turae
336 902 438 968 erant
467 895 505 966 in
535 895 631 968 Sion.
666 893 827 966 “nonne
858 893 1044 966 duodecim
1074 891 1183 966 borae
1219 900 1303 966 sunt

133 1021 134 1026 ¹
209 993 341 1070 dieis?
359 999 382 1070 i.
402 1023 434 1074 c.
452 997 537 1096 quid
567 997 711 1089 timetis,
729 1019 775 1068 ne
804 994 1046 1092 lepidemini?
1076 993 1200 1068 Donec
1232 1018 1299 1089 ego
1344 1053 1345 1058 ,

208 1097 391 1174 vobiscum
408 1127 498 1194 sum,
519 1123 628 1174 nemo·
640 1107 800 1174 vestrum
818 1122 957 1172 mecum
975 1105 1012 1170 et
1028 1119 1093 1194 pro
1111 1119 1168 1168 me
1186 1099 1300 1192 petie·

209 1207 279 1274 tur.
298 1203 434 1281 Verum
452 1204 598 1278 venient
615 1227 722 1300 super
740 1225 804 1279 ros
822 1205 1002 1294 tenebrae,
1020 1200 1149 1296 plenae
1169 1199 1300 1274 dolori-

210 1306 288 1398 bus,
307 1308 447 1400 quando
465 1307 606 1380 euobis
627 1307 786 1380 elevatus
805 1329 865 1378 ero
884 1311 921 1378 et
938 1328 1002 1378 ros
1021 1303 1210 1377 dimittam.
1231 1303 1302 1376 Sed
1335 1383 1337 1390 Α

211 1407 394 1503 accipietis
418 1433 576 1503 coronas,
595 1417 688 1483 utet
708 1432 786 1504 ego,
805 1409 866 1506 qui
885 1409 1078 1480 coronabor
1096 1413 1132 1477 et
1150 1429 1169 1478 e
1189 1405 1305 1480 medio

214 1519 376 1590 vestrum
411 1515 588 1588 elevabor.
623 1513 816 1605 Venite,
857 1533 1032 1601 eamus,
1065 1515 1183 1580 utet
1223 1530 1305 1580 nos

214 1637 313 1688 curn
342 1639 391 1688 eo
418 1617 680 1690 moriamur.
701 1615 801 1688 Certi
818 1621 931 1705 erant,
949 1613 1044 1708 quod
1063 1633 1142 1682 curn
1160 1634 1202 1682 eo
1221 1635 1307 1685 eun·

215 1725 270 1792 tes
297 1718 562 1814 lapidabuntur.
590 1720 678 1791 Ideo
699 1716 913 1794 consolando
940 1714 1152 1787 confortavit
1178 1737 1249 1807 ece,
1268 1721 1308 1786 ut

214 1821 379 1895 timorem
396 1825 441 1895 ab
460 1823 512 1898 eis
531 1822 697 1915 auferret,
716 1821 858 1894 dicens:

316 1924 538 2018 Lazarus,
564 1925 743 2002 amicus
770 1933 956 2019 noster,
989 1928 1204 1996 mortuus
1233 1930 1306 1995 est

214 2033 260 2098 et
285 2050 370 2122 ego
397 2016 579 2124 gaudeo
606 2034 804 2124 propter
830 2052 921 2101 vos.
959 2025 998 2098 si
1026 2021 1145 2099 autern
1173 2025 1305 2120 gaude·

212 2130 286 2224 bat,
304 2152 366 2204 eur
384 2130 503 2220 flebat,
523 2151 603 2206 cum
622 2131 766 2204 advenit
781 2131 797 2200 P
815 2131 907 2204 Vide
927 2131 1058 2204 exhor
1087 2129 1176 2222 loco,
1199 2153 1306 2226 quam

212 2231 319 2328 longe
329 2257 351 2304 a
361 2231 512 2322 Domino
526 2233 581 2306 illi
596 2257 747 2330 quoque,
756 2233 818 2332 qui
832 2233 866 2306 ei
880 2233 1036 2330 proximi
1050 2239 1142 2326 sunt,
1162 2232 1307 2308 distent.

212 2335 261 2412 Et
287 2337 379 2408 sicut
404 2335 521 2430 homo,
538 2335 577 2408 in
595 2361 664 2432 quo
682 2360 804 2410 omnes
831 2343 980 2412 naturae
1006 2336 1132 2429 latent,
1156 2335 1308 2432 quamli·

211 2439 273 2512 bet
287 2463 332 2513 ex
351 2438 403 2511 eis
427 2461 491 2512 suo
509 2439 585 2512 loco
604 2441 642 2512 in
660 2441 816 2512 medinm
842 2441 990 2536 profert,
1008 2441 1112 2512 modo
1130 2439 1309 2534 spiritum,
1346 2443 1347 2446 ’

189 2608 191 2616 .
213 2541 317 2623 modo
336 2564 478 2637 corpus,
495 2542 547 2614 ita
559 2549 596 2614 et
613 2541 789 2615 Dominus
807 2543 937 2614 famem
954 2541 992 2614 in
1012 2540 1133 2638 pane2
1150 2537 1308 2614 wo‘stendit

214 2650 251 2716 et
268 2643 446 2740 lacrymas
464 2644 502 2717 in
520 2645 643 2717 amice.
674 2644 807 2718 Omnes
826 2645 965 2738 medici,
984 2652 1174 2742 antequam
1193 2647 1309 2718 ¹homo

213 2753 374 2824 mortuus
393 2755 459 2838 est,
484 2747 644 2821 laborem
665 2753 702 2820 et
727 2771 849 2820 euram
875 2748 1066 2843 adhibent,
1085 2755 1122 2820 'et
1149 2749 1307 2822 medicus

214 2849 345 2924 Lazari
362 2851 407 2922 ad
425 2857 605 2926 mortuum
624 2871 661 2922 se
679 2850 799 2944 vertit,
812 2845 904 2924 utin
921 2858 1035 2923 morte
1054 2853 1130 2948 ejus
1149 2851 1307 2924 medicus

218 2952 467 3026 excellentiam
486 2975 571 3025 suae
589 2952 676 3024 artie
695 2953 908 3028 ostenderet.
925 2953 1092 3029 Garisus
1114 2961 1180 3048 est,
1198 2979 1307 3050 quum

218 3055 366 3149 audivit,
393 3055 503 3148 flevit,
523 3077 632 3153 quum
658 3055 812 3132 advenit.
840 3057 1003 3151 Dixerat,
1022 3079 1102 3130 eum
1129 3051 1307 3136 mortuum

217 3179 307 3250 esse,
320 3166 509 3254 antequam
529 3157 744 3252 advenisset,
754 3166 881 3256 etpost
898 3159 1091 3233 adventum
1109 3161 1307 3255 interroga
1389 3164 1398 3188 ⁸

217 3258 292 3332 vit:
315 3283 330 3318 s
347 3260 421 3335 Ubi
447 3261 617 3358 posuistis
636 3285 717 3337 eum
735 3261 783 3336 n?
810 3262 923 3336 Porro
950 3261 1061 3358 flevit,
1079 3264 1245 3360 quoniam
1271 3264 1310 3335 in

215 3363 478 3438 resurrectione
506 3370 724 3440 mortuorum
750 3365 948 3440 morientur
975 3365 1040 3460 illi,
1058 3368 1119 3463 qni
1146 3390 1240 3440 nuno
1257 3367 1309 3440 vi-

216 3465 501 3553 vuaratonem
533 3467 755 3563 gravissimis
773 3469 891 3544 verbis
922 3476 1075 3544 testatus
1106 3476 1161 3542 est
1187 3469 1309 3543 simula

216 3591 286 3663 qne
304 3593 412 3668 opere
429 3571 586 3645 ostendit
603 3575 640 3643 et
657 3571 889 3665 confirmavit,
909 3596 948 3646 se
967 3593 1090 3651 veram
1118 3574 1310 3654 humanam

297 3790 322 3845 l.
343 3789 465 3847 Menses
479 3789 618 3848 nimirum
634 3797 664 3848 et
679 3791 744 3848 dies
771 3795 802 3848 et
825 3790 931 3866 horae,
946 3791 983 3848 de
999 3791 1108 3867 quibus
1123 3789 1186 3848 bl.
1206 3805 1308 3848 sermo

217 3865 276 3938 est,
289 3871 395 4002 perpps
409 3867 479 4002 ann4i
498 3872 578 4002 {upa

293 3982 324 4081 d.
345 3965 509 4100 Soiiinpi’e.
523 3988 608 4082 Haec
622 4024 654 4079 et
668 4023 857 4098 praecedens
880 4023 1032 4082 sententia
1056 4041 1096 4083 ex
1112 4023 1178 4082 cod.
1194 4024 1221 4080 B
1242 4037 1309 4080 eor·

216 4102 323 4167 rectae
337 4105 430 4174 sunt3
454 4104 485 4165 in
500 4102 567 4159 cod.
582 4103 610 4162 A
623 4102 771 4162 nonnulla
785 4101 935 4162 vocabula
950 4101 1070 4162 desunt.
1086 4101 1219 4160 Textum
1240 4102 1309 4176 ejus

217 4181 400 4239 Auchersio
425 4180 535 4240 vertit:
561 4180 626 4237 unt
649 4183 811 4256 postquam
836 4179 972 4254 advenit,
996 4179 1219 4255 interrogavit:
1246 4179 1308 4237 Ubi

216 4258 363 4334 posuistis
377 4264 490 4319 sumet
509 4260 704 4336 lacrymatus
714 4259 771 4317 est.
791 4260 959 4322 Praeterea
974 4259 1011 4316 de
1033 4257 1215 4326 suscitandis
1229 4273 1315 4318 mor-'

218 4337 279 4392 tois
294 4336 354 4470 illtie
369 4356 479 4413 magna
499 4335 603 4397 verbis
629 4337 706 4398 dixit
731 4341 761 4394 et
787 4336 994 4402 manifestavit
1014 4335 1250 4414 obsignavitque
1277 4355 1309 4396 o·

216 4431 289 4495 pere
305 4433 320 4474 e
338 4435 362 4474 a.
378 4447 390 4478 a
1246 4429 1247 4432 ’
