3330 5200
1248 387 1293 458 87

204 516 288 591 huic
307 516 448 614 corpori
466 517 579 592 multa
598 524 680 592 sunt
706 519 876 611 membra,
896 523 932 590 et
949 517 1101 614 singulis
1127 518 1295 592 membris

203 623 371 719 propriae
390 647 475 695 suae
493 625 626 696 formae
643 630 679 695 ot
692 622 947 718 unusquisque,
965 629 1216 720 proutpotest,
1234 647 1296 696 au·

205 727 268 819 dit,
288 733 325 797 et
343 725 435 798 siout
453 727 486 799 ei
504 727 626 800 datum
645 733 710 821 est,
727 727 779 798 ita
796 725 1062 823 interpretatur.
1080 729 1206 823 Itaque
1224 752 1297 800 una

205 830 336 904 mulier
354 838 435 905 ante
450 838 676 927 conspectum
691 833 767 928 ejus
780 829 890 922 venit,
908 837 944 902 et
958 831 1097 903 sanavit
1114 853 1192 904 eam
1205 855 1296 928 quae

205 939 355 1008 venerat
370 941 452 1007 ante
478 944 702 1032 conspectum
731 929 935 1026 multorum,
961 935 1023 1030 qui
1049 958 1127 1006 eam
1152 958 1223 1006 non
1241 959 1296 1008 sa-

205 1045 350 1132 narunt,
364 1039 402 1110 id
417 1045 481 1133 est,
505 1061 650 1136 operam
667 1039 705 1110 in
718 1063 760 1111 ea
777 1038 983 1134 perdebant.
998 1039 1113 1132 Unus,
1133 1040 1232 1136 cujus
1245 1040 1296 1111 fa-

208 1141 282 1214 cies
312 1166 439 1216 aversa
466 1152 553 1237 erat,
581 1167 658 1215 eam
687 1143 836 1231 sanavit,
863 1147 904 1212 ut
929 1149 1166 1238 arguerentur
1193 1142 1218 1213 ii
1236 1143 1298 1238 qui

208 1269 342 1340 magna
360 1246 545 1342 diligentia
561 1248 607 1320 ad
626 1271 704 1319 eam
733 1271 771 1319 se
796 1252 1048 1320 converterunt
1065 1255 1101 1318 et
1117 1269 1196 1318 eam
1225 1269 1299 1318 non

210 1357 393 1422 sanarunt.
421 1352 566 1424 Infirma
584 1349 663 1445 Dei,
689 1351 750 1446 ait,
776 1350 924 1423 fortiora
950 1357 1034 1422 sunt
1059 1343 1297 1424 homirribus¹.

208 1454 282 1527 Sed
312 1453 473 1550 quamvis
499 1455 657 1530 exterior
674 1454 818 1527 Domini
844 1453 951 1526 facies
969 1454 1133 1526 inunum
1158 1460 1299 1527 tantum

207 1563 349 1654 partem
374 1565 537 1652 spectare
555 1566 687 1654 posset,
714 1559 790 1656 ejus
816 1564 936 1630 tamen
962 1557 1109 1632 interior
1130 1557 1298 1632 divinitas

204 1667 281 1732 tota
300 1667 335 1734 et
353 1661 484 1758 ubique
504 1663 627 1736 oculus
645 1670 732 1756 erat,
751 1661 835 1759 quie
848 1662 893 1734 ad
907 1684 1029 1734 omnes
1046 1669 1166 1760 partes
1185 1662 1299 1759 respi-

208 1765 334 1838 ciebat.

312 1868 534 1942 Profluvium
547 1869 826 1966 perniciosumin
837 1873 962 1941 ventre
976 1867 1137 1942 mulieris
1155 1869 1300 1942 siccavit

209 1978 246 2043 et
263 1971 398 2044 flumen
411 1973 684 2070 praedicationis
697 1979 927 2069 recuperatae
942 1971 1068 2046 salutis
1087 1974 1124 2046 in
1142 1996 1202 2046 ore
1221 1974 1299 2070 ejus

212 2075 364 2171 aperuit.
384 2076 518 2173 Tetigit
535 2076 600 2148 illa
617 2077 838 2149 divinitatem
857 2077 943 2172 ejus,
971 2084 1007 2150 et
1033 2081 1077 2151 ab
1097 2101 1139 2152 ea
1165 2077 1300 2174 recepit

211 2179 412 2254 sanitatem.
441 2180 551 2254 Petra
569 2181 607 2253 in
624 2182 765 2252 deserto
791 2203 902 2277 aquas
929 2181 1186 2255 sanctificantes
1204 2205 1300 2254 erna-

214 2283 326 2376 navit,
341 2286 469 2380 quibus
488 2285 673 2358 duodecim
690 2284 853 2359 tribubus
871 2285 995 2380 populi
1012 2293 1135 2382 potum
1152 2288 1300 2382 praebe-

210 2389 283 2481 bat,
311 2388 381 2460 ista
407 2398 526 2462 autem
554 2388 762 2485 sanguinem
791 2389 1089 2462 contaminantem
1116 2389 1301 2462 duodecim

212 2515 279 2587 per
297 2517 407 2565 annos
427 2495 554 2586 emisit,
573 2517 642 2589 quo
660 2492 778 2564 omnia
802 2491 860 2565 sui
877 2494 1034 2590 corporis
1052 2496 1211 2567 membra
1227 2493 1299 2566 foe·

212 2596 330 2670 dabat.
359 2597 471 2670 Petra
488 2597 612 2672 baculo
630 2595 778 2690 Moysis,
798 2596 899 2692 signo
913 2596 1154 2672 vivificatoris
1175 2597 1300 2691 nostri,

213 2701 454 2795 scindebatur,
482 2709 518 2773 et
545 2699 728 2794 sanguinis
745 2699 959 2796 profluvium
978 2705 1043 2796 per
1065 2702 1221 2775 fimbrias
1239 2725 1300 2775 ve-

214 2805 373 2878 stimenti
391 2803 523 2877 Medici
541 2804 655 2877 nostri
673 2803 841 2875 siccatum
861 2810 934 2898 est,
962 2804 1061 2878 illam
1084 2806 1216 2902 quippe
1235 2806 1299 2878 du-

214 2932 292 2982 ram
309 2909 386 2981 fidit
402 2909 550 2982 baculus
569 2909 680 2980 durus
698 2908 764 2990 hoc
782 2913 902 2979 autem
919 2909 1030 2981 vestis
1048 2908 1167 2982 mollis
1185 2909 1301 2982 exsic-

217 3014 320 3086 cavit.
338 3015 511 3088 Attamen
525 3013 610 3085 licet
636 3009 784 3086 baculus
804 3010 1055 3109 aspicientibus
1074 3013 1185 3086 durus
1201 3011 1300 3087 ride-

214 3123 324 3210 retur,
337 3117 519 3190 humilitas
529 3115 688 3189 orucisei
701 3115 877 3212 impressa
890 3123 978 3211 erat,
992 3124 1027 3188 et
1037 3117 1300 3210 vestimentum,

215 3221 283 3292 etsi
301 3221 470 3294 exteriori
489 3219 605 3317 specie
622 3219 730 3292 molle
750 3227 949 3316 appareret,
971 3221 1086 3294 virtus
1104 3227 1224 3292 tamen
1240 3245 1301 3294 ra-

214 3321 287 3396 lida
314 3327 358 3398 ab
377 3348 417 3396 eo
435 3325 557 3398 exirit.
584 3323 764 3397 Mirabilis
792 3330 847 3396 est
872 3323 960 3396 hacc
987 3323 1159 3398 sanatio?
1187 3325 1301 3397 Ante-

215 3452 322 3523 quam
341 3452 462 3502 semen
480 3453 620 3502 emanu
639 3427 773 3501 Christi
792 3427 985 3522 excideret,
998 3437 1106 3523 terra,
1121 3428 1178 3501 oui
1192 3428 1302 3501 desti·

214 3536 378 3626 nabetur,
398 3533 534 3606 semina
547 3531 769 3606 abundanter
781 3532 857 3628 jam
872 3538 1074 3628 acceperat3
1095 3540 1131 3605 et
1150 3533 1234 3604 dum
1250 3555 1304 3604 se-

214 3659 297 3709 men
313 3637 352 3709 in
368 3639 496 3712 horreo
513 3635 657 3709 Domini
670 3635 785 3708 adhuc
802 3635 1027 3730 retineretur,
1045 3636 1091 3708 ad
1104 3643 1247 3730 terram,
1265 3636 1304 3708 in

214 3764 286 3836 qua
303 3741 548 3815 seminandum
570 3747 658 3833 crat,
684 3739 880 3834 festinavit,
907 3745 947 3810 ut
965 3762 1011 3812 ex
1029 3763 1072 3814 ea
1088 3765 1235 3816 usuram
1253 3741 1304 3814 af-

296 4022 323 4078 1.
344 4019 446 4080 IOon.
470 4024 483 4080 1
511 4021 561 4080 25.

295 4099 322 4155 2.
342 4097 477 4177 Propter
489 4065 657 4158 'amborum
682 4097 819 4156 codicum
835 4097 1062 4172 auctoritatem,
1082 4097 1135 4174 qui
1148 4099 1305 4174 interpun-

218 4175 383 4237 otationem
392 4183 498 4238 textus
509 4177 652 4255 impressi
662 4174 787 4247 habent,
797 4180 828 4234 et
839 4176 909 4253 quia
919 4194 1087 4254 pronomen
1095 4207 1149 4254 aaa
1159 4179 1189 4234 in
1197 4177 1306 4235 eodem

218 4271 312 4312 sensu
326 4277 399 4316 mox
413 4259 563 4336 sequitur,
577 4257 653 4314 haec
667 4255 764 4314 verba
777 4255 821 4313 ita
834 4256 986 4314 transtuli.
1008 4256 1121 4316 Sensus
1137 4258 1201 4314 est:
1215 4255 1306 4312 Mira·

217 4333 287 4391 bilis
307 4334 365 4394 fuit
384 4337 461 4396 haec
483 4335 611 4409 sanatio,
633 4333 715 4410 quia,
739 4335 902 4410 antequam
927 4337 1083 4394 verbum2·
1105 4335 1222 4394 “Fides
1249 4337 1303 4392 tua

218 4423 249 4476 te
264 4417 381 4476 salvam
396 4415 496 4478 fecit„
514 4434 554 4474 ex
569 4431 622 4473 ore
638 4413 752 4472 Christi
765 4414 1100 4490 venissetxirtualiter
1116 4411 1182 4491 jam
1203 4431 1305 4491 egres·

113 4519 115 4523 ’
220 4515 288 4557 sum
303 4497 469 4554 sanitatem
484 4494 644 4572 operatum
658 4495 716 4551 est.
