<?xml version="1.0" encoding="UTF-8"?>
<!DOCTYPE html PUBLIC "-//W3C//DTD XHTML 1.0 Transitional//EN"
    "http://www.w3.org/TR/xhtml1/DTD/xhtml1-transitional.dtd">
<html xmlns="http://www.w3.org/1999/xhtml" xml:lang="en" lang="en">
 <head>
  <title>
</title>
<meta http-equiv="Content-Type" content="text/html;charset=utf-8" />
  <meta name='ocr-system' content='tesseract 3.04.00' />
  <meta name='ocr-capabilities' content='ocr_page ocr_carea ocr_par ocr_line ocrx_word'/>
</head>
<body>
  <div class='ocr_page' id='page_1' title='image "./evangeliiconcor01msgoog_0018.png"; bbox 0 0 3268 5220; ppageno 0'>
   <div class='ocr_carea' id='block_1_1' title="bbox 1209 387 1347 436">
    <p class='ocr_par' dir='ltr' id='par_1_1' title="bbox 1209 387 1347 436">
     <span class='ocr_line' id='line_1_1' title="bbox 1209 387 1347 436; baseline -0.014 0"><span class='ocrx_word' id='word_1_1' title='bbox 1209 387 1347 436; x_wconf 59' lang='lat' dir='ltr'>IX»</span> 
     </span>
    </p>
   </div>
   <div class='ocr_carea' id='block_1_2' title="bbox 167 493 1249 835">
    <p class='ocr_par' dir='ltr' id='par_1_2' title="bbox 167 493 1249 835">
     <span class='ocr_line' id='line_1_2' title="bbox 169 493 1248 596; baseline -0.005 -23"><span class='ocrx_word' id='word_1_2' title='bbox 169 497 253 573; x_wconf 87' lang='lat' dir='ltr'>stola</span> <span class='ocrx_word' id='word_1_3' title='bbox 269 497 314 572; x_wconf 87' lang='lat' dir='ltr'>ad</span> <span class='ocrx_word' id='word_1_4' title='bbox 332 495 551 596; x_wconf 78' lang='lat' dir='ltr'>Caspiarum</span> <span class='ocrx_word' id='word_1_5' title='bbox 577 498 739 589; x_wconf 84' lang='lat' dir='ltr'>testatur,</span> <span class='ocrx_word' id='word_1_6' title='bbox 757 519 828 568; x_wconf 90' lang='lat' dir='ltr'>non</span> <span class='ocrx_word' id='word_1_7' title='bbox 855 499 932 568; x_wconf 87' lang='lat' dir='ltr'>erat</span> <span class='ocrx_word' id='word_1_8' title='bbox 952 493 1062 586; x_wconf 88' lang='lat' dir='ltr'>aliud,</span> <span class='ocrx_word' id='word_1_9' title='bbox 1080 519 1185 592; x_wconf 91' lang='lat' dir='ltr'>quam</span> <span class='ocrx_word' id='word_1_10' title='bbox 1212 519 1248 568; x_wconf 93' lang='lat' dir='ltr'>e·</span> 
     </span>
     <span class='ocr_line' id='line_1_3' title="bbox 167 613 1248 712; baseline -0.002 -22"><span class='ocrx_word' id='word_1_11' title='bbox 167 615 365 712; x_wconf 85' lang='lat' dir='ltr'>vangelium</span> <span class='ocrx_word' id='word_1_12' title='bbox 389 616 573 708; x_wconf 80' lang='lat' dir='ltr'>Matthaei,</span> <span class='ocrx_word' id='word_1_13' title='bbox 591 615 690 712; x_wconf 88' lang='lat' dir='ltr'>cujus</span> <span class='ocrx_word' id='word_1_14' title='bbox 719 614 870 712; x_wconf 88' lang='lat' dir='ltr'>singulis</span> <span class='ocrx_word' id='word_1_15' title='bbox 896 615 1061 712; x_wconf 90' lang='lat' dir='ltr'>capitulis</span> <span class='ocrx_word' id='word_1_16' title='bbox 1087 614 1133 688; x_wconf 87' lang='lat' dir='ltr'>od</span> <span class='ocrx_word' id='word_1_17' title='bbox 1153 613 1248 688; x_wconf 83' lang='lat' dir='ltr'>latus</span> 
     </span>
     <span class='ocr_line' id='line_1_4' title="bbox 169 732 1249 835; baseline -0.003 -27"><span class='ocrx_word' id='word_1_18' title='bbox 169 735 329 835; x_wconf 79' lang='lat' dir='ltr'>adjuncta</span> <span class='ocrx_word' id='word_1_19' title='bbox 346 741 448 811; x_wconf 87' lang='lat' dir='ltr'>erant</span> <span class='ocrx_word' id='word_1_20' title='bbox 467 733 623 833; x_wconf 89' lang='lat' dir='ltr'>capitula</span> <span class='ocrx_word' id='word_1_21' title='bbox 640 733 887 808; x_wconf 89' lang='lat' dir='ltr'>convenientia</span> <span class='ocrx_word' id='word_1_22' title='bbox 904 732 1053 807; x_wconf 88' lang='lat' dir='ltr'>aliorum</span> <span class='ocrx_word' id='word_1_23' title='bbox 1075 733 1182 806; x_wconf 93' lang='lat' dir='ltr'>trium</span> <span class='ocrx_word' id='word_1_24' title='bbox 1200 733 1249 806; x_wconf 84' lang='grc' dir='ltr'>Ε-</span> 
     </span>
    </p>
   </div>
   <div class='ocr_carea' id='block_1_3' title="bbox 38 849 1320 1189">
    <p class='ocr_par' dir='ltr' id='par_1_3' title="bbox 38 849 1320 1189">
     <span class='ocr_line' id='line_1_5' title="bbox 38 849 1247 952; baseline -0.009 -21"><span class='ocrx_word' id='word_1_25' title='bbox 38 857 39 894; x_wconf 56' lang='lat' dir='ltr'>r</span> <span class='ocrx_word' id='word_1_26' title='bbox 167 854 452 952; x_wconf 85' lang='lat' dir='ltr'>vangelistarum.</span> <span class='ocrx_word' id='word_1_27' title='bbox 480 853 599 944; x_wconf 84' lang='lat' dir='ltr'>Quare</span> <span class='ocrx_word' id='word_1_28' title='bbox 626 851 664 924; x_wconf 92' lang='lat' dir='ltr'>in</span> <span class='ocrx_word' id='word_1_29' title='bbox 681 852 858 926; x_wconf 86' lang='lat' dir='ltr'>sententia</span> <span class='ocrx_word' id='word_1_30' title='bbox 874 851 1053 926; x_wconf 87' lang='lat' dir='ltr'>Barsalibi</span> <span class='ocrx_word' id='word_1_31' title='bbox 1083 849 1247 924; x_wconf 85' lang='lat' dir='ltr'>standum</span> 
     </span>
     <span class='ocr_line' id='line_1_6' title="bbox 38 971 1320 1072; baseline -0.006 -23"><span class='ocrx_word' id='word_1_32' title='bbox 38 979 39 1014; x_wconf 63' lang='lat'>¹</span> <span class='ocrx_word' id='word_1_33' title='bbox 169 983 228 1070; x_wconf 89' lang='lat' dir='ltr'>est,</span> <span class='ocrx_word' id='word_1_34' title='bbox 247 973 428 1072; x_wconf 80' lang='lat' dir='ltr'>expressis</span> <span class='ocrx_word' id='word_1_35' title='bbox 446 972 567 1047; x_wconf 90' lang='lat' dir='ltr'>verbis</span> <span class='ocrx_word' id='word_1_36' title='bbox 585 971 746 1067; x_wconf 87' lang='lat' dir='ltr'>dicentis,</span> <span class='ocrx_word' id='word_1_37' title='bbox 764 997 791 1045; x_wconf 91' lang='lat' dir='ltr'>s.</span> <span class='ocrx_word' id='word_1_38' title='bbox 805 973 1046 1070; x_wconf 85' lang='lat' dir='ltr'>Ephraemum</span> <span class='ocrx_word' id='word_1_39' title='bbox 1067 971 1247 1044; x_wconf 87' lang='lat' dir='ltr'>Diatessa·</span> <span class='ocrx_word' id='word_1_40' title='bbox 1317 1015 1320 1020; x_wconf 94' lang='lat'>-</span> 
     </span>
     <span class='ocr_line' id='line_1_7' title="bbox 38 1094 782 1189; baseline 0 -25"><span class='ocrx_word' id='word_1_41' title='bbox 38 1139 40 1164; x_wconf 53' lang='lat' dir='ltr'>t</span> <span class='ocrx_word' id='word_1_42' title='bbox 167 1119 225 1168; x_wconf 89' lang='lat' dir='ltr'>ron</span> <span class='ocrx_word' id='word_1_43' title='bbox 242 1094 385 1168; x_wconf 83' lang='lat' dir='ltr'>Totieni</span> <span class='ocrx_word' id='word_1_44' title='bbox 402 1094 675 1189; x_wconf 86' lang='lat' dir='ltr'>interpretatum</span> <span class='ocrx_word' id='word_1_45' title='bbox 694 1115 782 1166; x_wconf 87' lang='lat' dir='ltr'>esse.</span> 
     </span>
    </p>
   </div>
   <div class='ocr_carea' id='block_1_4' title="bbox 264 1205 1248 1309">
    <p class='ocr_par' dir='ltr' id='par_1_4' title="bbox 264 1205 1248 1309">
     <span class='ocr_line' id='line_1_8' title="bbox 264 1205 1248 1309; baseline -0.009 -23"><span class='ocrx_word' id='word_1_46' title='bbox 264 1213 377 1290; x_wconf 90' lang='lat' dir='ltr'>Porro</span> <span class='ocrx_word' id='word_1_47' title='bbox 408 1212 603 1309; x_wconf 80' lang='lat' dir='ltr'>Dionysius</span> <span class='ocrx_word' id='word_1_48' title='bbox 628 1210 808 1285; x_wconf 88' lang='lat' dir='ltr'>Barsahbi</span> <span class='ocrx_word' id='word_1_49' title='bbox 850 1210 954 1284; x_wconf 91' lang='lat' dir='ltr'>nobis</span> <span class='ocrx_word' id='word_1_50' title='bbox 988 1207 1118 1296; x_wconf 80' lang='lat' dir='ltr'>refert,</span> <span class='ocrx_word' id='word_1_51' title='bbox 1150 1228 1177 1278; x_wconf 90' lang='lat' dir='ltr'>s.</span> <span class='ocrx_word' id='word_1_52' title='bbox 1200 1205 1248 1277; x_wconf 89' lang='grc' dir='ltr'>Ε-</span> 
     </span>
    </p>
   </div>
   <div class='ocr_carea' id='block_1_5' title="bbox 38 1317 1375 1905">
    <p class='ocr_par' dir='ltr' id='par_1_5' title="bbox 38 1317 1375 1910">
     <span class='ocr_line' id='line_1_9' title="bbox 38 1317 1246 1430; baseline -0.011 -23"><span class='ocrx_word' id='word_1_53' title='bbox 38 1317 39 1358; x_wconf 41' lang='lat' dir='ltr'>l</span> <span class='ocrx_word' id='word_1_54' title='bbox 167 1333 369 1429; x_wconf 83' lang='lat' dir='ltr'>phroemum</span> <span class='ocrx_word' id='word_1_55' title='bbox 404 1332 678 1430; x_wconf 89' lang='lat' dir='ltr'>interpretatum</span> <span class='ocrx_word' id='word_1_56' title='bbox 714 1354 792 1404; x_wconf 88' lang='lat' dir='ltr'>esse</span> <span class='ocrx_word' id='word_1_57' title='bbox 826 1330 1059 1404; x_wconf 85' lang='lat' dir='ltr'>Diatessaron</span> <span class='ocrx_word' id='word_1_58' title='bbox 1092 1323 1246 1417; x_wconf 84' lang='lat' dir='ltr'>Tatiani,</span> 
     </span>
     <span class='ocr_line' id='line_1_10' title="bbox 168 1439 1375 1548; baseline -0.008 -26"><span class='ocrx_word' id='word_1_59' title='bbox 168 1451 264 1548; x_wconf 88' lang='lat' dir='ltr'>cujus</span> <span class='ocrx_word' id='word_1_60' title='bbox 282 1450 468 1524; x_wconf 84' lang='lat' dir='ltr'>exordium</span> <span class='ocrx_word' id='word_1_61' title='bbox 486 1450 575 1522; x_wconf 85' lang='lat' dir='ltr'>fuit:</span> <span class='ocrx_word' id='word_1_62' title='bbox 597 1473 611 1507; x_wconf 69' lang='lat' dir='ltr'>s</span> <span class='ocrx_word' id='word_1_63' title='bbox 628 1449 673 1522; x_wconf 82' lang='lat'>111</span> <span class='ocrx_word' id='word_1_64' title='bbox 689 1448 864 1548; x_wconf 91' lang='lat' dir='ltr'>principio</span> <span class='ocrx_word' id='word_1_65' title='bbox 890 1453 967 1524; x_wconf 79' lang='lat' dir='ltr'>erat</span> <span class='ocrx_word' id='word_1_66' title='bbox 982 1447 1141 1521; x_wconf 87' lang='lat' dir='ltr'>Verbum</span> <span class='ocrx_word' id='word_1_67' title='bbox 1154 1484 1182 1520; x_wconf 73' lang='lat' dir='ltr'>n.</span> <span class='ocrx_word' id='word_1_68' title='bbox 1198 1443 1247 1516; x_wconf 81' lang='lat' dir='ltr'>Et</span> <span class='ocrx_word' id='word_1_69' title='bbox 1373 1439 1375 1450; x_wconf 88' lang='lat'>&#39;</span> 
     </span>
     <span class='ocr_line' id='line_1_11' title="bbox 38 1563 1246 1666; baseline -0.003 -27"><span class='ocrx_word' id='word_1_70' title='bbox 38 1583 39 1612; x_wconf 40' lang='lat' dir='ltr'>l</span> <span class='ocrx_word' id='word_1_71' title='bbox 166 1590 290 1642; x_wconf 87' lang='lat' dir='ltr'>revera</span> <span class='ocrx_word' id='word_1_72' title='bbox 307 1568 345 1641; x_wconf 93' lang='lat' dir='ltr'>in</span> <span class='ocrx_word' id='word_1_73' title='bbox 362 1569 428 1642; x_wconf 91' lang='lat' dir='ltr'>hoo</span> <span class='ocrx_word' id='word_1_74' title='bbox 454 1567 706 1662; x_wconf 86' lang='lat' dir='ltr'>commentario</span> <span class='ocrx_word' id='word_1_75' title='bbox 724 1595 751 1644; x_wconf 90' lang='lat' dir='ltr'>s.</span> <span class='ocrx_word' id='word_1_76' title='bbox 764 1568 958 1666; x_wconf 81' lang='lat' dir='ltr'>Ephraemi</span> <span class='ocrx_word' id='word_1_77' title='bbox 983 1573 1104 1640; x_wconf 87' lang='lat' dir='ltr'>textus</span> <span class='ocrx_word' id='word_1_78' title='bbox 1129 1563 1246 1637; x_wconf 84' lang='lat' dir='ltr'>Evan-</span> 
     </span>
     <span class='ocr_line' id='line_1_12' title="bbox 38 1676 1243 1786; baseline -0.009 -22"><span class='ocrx_word' id='word_1_79' title='bbox 38 1695 40 1764; x_wconf 78' lang='grc' dir='ltr'><em>ῑ</em></span> <span class='ocrx_word' id='word_1_80' title='bbox 167 1687 248 1784; x_wconf 86' lang='lat' dir='ltr'>gelii</span> <span class='ocrx_word' id='word_1_81' title='bbox 273 1709 343 1786; x_wconf 91' lang='lat' dir='ltr'>quo</span> <span class='ocrx_word' id='word_1_82' title='bbox 368 1688 545 1784; x_wconf 84' lang='lat' dir='ltr'>interpres</span> <span class='ocrx_word' id='word_1_83' title='bbox 571 1687 695 1781; x_wconf 88' lang='lat' dir='ltr'>utitur,</span> <span class='ocrx_word' id='word_1_84' title='bbox 720 1712 754 1784; x_wconf 91' lang='lat' dir='ltr'>p.</span> <span class='ocrx_word' id='word_1_85' title='bbox 777 1691 799 1760; x_wconf 84' lang='lat'>3</span> <span class='ocrx_word' id='word_1_86' title='bbox 826 1687 876 1761; x_wconf 89' lang='lat' dir='ltr'>sic</span> <span class='ocrx_word' id='word_1_87' title='bbox 902 1685 1045 1782; x_wconf 93' lang='lat' dir='ltr'>incipit:</span> <span class='ocrx_word' id='word_1_88' title='bbox 1066 1676 1243 1779; x_wconf 74' lang='lat' dir='ltr'>sAprin-</span> 
     </span>
     <span class='ocr_line' id='line_1_13' title="bbox 166 1803 1245 1905; baseline -0.007 -26.848"><span class='ocrx_word' id='word_1_89' title='bbox 166 1807 255 1904; x_wconf 88' lang='lat' dir='ltr'>oipio</span> <span class='ocrx_word' id='word_1_90' title='bbox 273 1807 349 1904; x_wconf 91' lang='lat' dir='ltr'>(vel</span> <span class='ocrx_word' id='word_1_91' title='bbox 364 1809 470 1905; x_wconf 89' lang='lat' dir='ltr'>juxta</span> <span class='ocrx_word' id='word_1_92' title='bbox 486 1805 606 1880; x_wconf 89' lang='lat' dir='ltr'>eod.B</span> <span class='ocrx_word' id='word_1_93' title='bbox 623 1828 639 1864; x_wconf 67' lang='grc' dir='ltr'><strong>α</strong></span> <span class='ocrx_word' id='word_1_94' title='bbox 656 1805 694 1878; x_wconf 93' lang='lat' dir='ltr'>in</span> <span class='ocrx_word' id='word_1_95' title='bbox 712 1806 886 1903; x_wconf 89' lang='lat' dir='ltr'>principio</span> <span class='ocrx_word' id='word_1_96' title='bbox 899 1805 933 1900; x_wconf 65' lang='lat' dir='ltr'>n)</span> <span class='ocrx_word' id='word_1_97' title='bbox 950 1810 1028 1878; x_wconf 87' lang='lat' dir='ltr'>erat</span> <span class='ocrx_word' id='word_1_98' title='bbox 1042 1803 1204 1876; x_wconf 87' lang='lat' dir='ltr'>Verbum</span> <span class='ocrx_word' id='word_1_99' title='bbox 1217 1839 1245 1874; x_wconf 69' lang='lat' dir='ltr'>s.</span> 
     </span>
    </p>
   </div>
   <div class='ocr_carea' id='block_1_6' title="bbox 265 1920 1247 2017">
    <p class='ocr_par' dir='ltr' id='par_1_6' title="bbox 265 1920 1247 2017">
     <span class='ocr_line' id='line_1_14' title="bbox 265 1920 1247 2017; baseline -0.01 -17"><span class='ocrx_word' id='word_1_100' title='bbox 265 1927 406 2000; x_wconf 87' lang='lat' dir='ltr'>Rursus</span> <span class='ocrx_word' id='word_1_101' title='bbox 436 1924 681 1999; x_wconf 84' lang='lat' dir='ltr'>Theodoretus</span> <span class='ocrx_word' id='word_1_102' title='bbox 722 1947 787 1998; x_wconf 89' lang='lat' dir='ltr'>nos</span> <span class='ocrx_word' id='word_1_103' title='bbox 819 1925 940 2017; x_wconf 90' lang='lat' dir='ltr'>docet,</span> <span class='ocrx_word' id='word_1_104' title='bbox 969 1922 1008 1994; x_wconf 94' lang='lat' dir='ltr'>in</span> <span class='ocrx_word' id='word_1_105' title='bbox 1039 1920 1247 1995; x_wconf 86' lang='lat' dir='ltr'>Diatessaro</span> 
     </span>
    </p>
   </div>
   <div class='ocr_carea' id='block_1_7' title="bbox 38 2040 1245 2140">
    <p class='ocr_par' dir='ltr' id='par_1_7' title="bbox 38 2040 1245 2140">
     <span class='ocr_line' id='line_1_15' title="bbox 38 2040 1245 2140; baseline -0.015 -16"><span class='ocrx_word' id='word_1_106' title='bbox 38 2085 39 2124; x_wconf 67' lang='lat' dir='ltr'>t</span> <span class='ocrx_word' id='word_1_107' title='bbox 164 2040 300 2118; x_wconf 87' lang='lat' dir='ltr'>Tatiani</span> <span class='ocrx_word' id='word_1_108' title='bbox 319 2043 547 2140; x_wconf 84' lang='lat' dir='ltr'>genealogias</span> <span class='ocrx_word' id='word_1_109' title='bbox 564 2041 709 2115; x_wconf 91' lang='lat' dir='ltr'>Domini</span> <span class='ocrx_word' id='word_1_110' title='bbox 734 2048 933 2139; x_wconf 84' lang='lat' dir='ltr'>amputatas</span> <span class='ocrx_word' id='word_1_111' title='bbox 951 2063 1041 2135; x_wconf 92' lang='lat' dir='ltr'>esse,</span> <span class='ocrx_word' id='word_1_112' title='bbox 1059 2046 1095 2113; x_wconf 87' lang='lat' dir='ltr'>et</span> <span class='ocrx_word' id='word_1_113' title='bbox 1120 2055 1245 2134; x_wconf 88' lang='lat' dir='ltr'>reapse</span> 
     </span>
    </p>
   </div>
   <div class='ocr_carea' id='block_1_8' title="bbox 156 2159 1321 4161">
    <p class='ocr_par' dir='ltr' id='par_1_8' title="bbox 162 2159 1245 2380">
     <span class='ocr_line' id='line_1_16' title="bbox 164 2159 1245 2260; baseline -0.009 -23"><span class='ocrx_word' id='word_1_114' title='bbox 164 2163 300 2237; x_wconf 90' lang='lat' dir='ltr'>nullum</span> <span class='ocrx_word' id='word_1_115' title='bbox 331 2163 563 2260; x_wconf 86' lang='lat' dir='ltr'>genealogiae</span> <span class='ocrx_word' id='word_1_116' title='bbox 596 2160 737 2236; x_wconf 82' lang='lat' dir='ltr'>Christi·</span> <span class='ocrx_word' id='word_1_117' title='bbox 765 2161 955 2260; x_wconf 86' lang='lat' dir='ltr'>vestigium</span> <span class='ocrx_word' id='word_1_118' title='bbox 989 2161 1027 2233; x_wconf 91' lang='lat' dir='ltr'>in</span> <span class='ocrx_word' id='word_1_119' title='bbox 1057 2159 1124 2233; x_wconf 91' lang='lat' dir='ltr'>hoc</span> <span class='ocrx_word' id='word_1_120' title='bbox 1153 2177 1245 2228; x_wconf 93' lang='lat' dir='ltr'>com-</span> 
     </span>
     <span class='ocr_line' id='line_1_17' title="bbox 162 2282 559 2380; baseline 0.005 -26"><span class='ocrx_word' id='word_1_121' title='bbox 162 2283 332 2357; x_wconf 89' lang='lat' dir='ltr'>mentario</span> <span class='ocrx_word' id='word_1_122' title='bbox 350 2282 537 2380; x_wconf 91' lang='lat' dir='ltr'>reperitur.</span> <span class='ocrx_word' id='word_1_123' title='bbox 557 2303 559 2312; x_wconf 85' lang='grc'><strong>’</strong></span> 
     </span>
    </p>

    <p class='ocr_par' dir='ltr' id='par_1_9' title="bbox 156 2394 1321 4161">
     <span class='ocr_line' id='line_1_18' title="bbox 263 2394 1244 2500; baseline -0.008 -26"><span class='ocrx_word' id='word_1_124' title='bbox 263 2400 426 2499; x_wconf 90' lang='lat' dir='ltr'>Denique</span> <span class='ocrx_word' id='word_1_125' title='bbox 443 2407 565 2474; x_wconf 86' lang='lat' dir='ltr'>textus</span> <span class='ocrx_word' id='word_1_126' title='bbox 582 2401 783 2498; x_wconf 85' lang='lat' dir='ltr'>Evangelii,</span> <span class='ocrx_word' id='word_1_127' title='bbox 801 2425 906 2500; x_wconf 90' lang='lat' dir='ltr'>quem</span> <span class='ocrx_word' id='word_1_128' title='bbox 924 2426 951 2476; x_wconf 91' lang='lat' dir='ltr'>s.</span> <span class='ocrx_word' id='word_1_129' title='bbox 965 2399 1189 2498; x_wconf 87' lang='lat' dir='ltr'>Ephraemus</span> <span class='ocrx_word' id='word_1_130' title='bbox 1206 2394 1244 2468; x_wconf 89' lang='lat' dir='ltr'>in</span> 
     </span>
     <span class='ocr_line' id='line_1_19' title="bbox 161 2514 1243 2618; baseline -0.005 -24"><span class='ocrx_word' id='word_1_131' title='bbox 161 2520 226 2594; x_wconf 94' lang='lat' dir='ltr'>hoc</span> <span class='ocrx_word' id='word_1_132' title='bbox 243 2543 350 2617; x_wconf 92' lang='lat' dir='ltr'>opere</span> <span class='ocrx_word' id='word_1_133' title='bbox 369 2519 535 2618; x_wconf 86' lang='lat' dir='ltr'>explieat,</span> <span class='ocrx_word' id='word_1_134' title='bbox 555 2519 786 2594; x_wconf 90' lang='lat' dir='ltr'>communiter</span> <span class='ocrx_word' id='word_1_135' title='bbox 813 2544 835 2592; x_wconf 88' lang='lat' dir='ltr'>a</span> <span class='ocrx_word' id='word_1_136' title='bbox 861 2526 963 2593; x_wconf 87' lang='lat' dir='ltr'>textu</span> <span class='ocrx_word' id='word_1_137' title='bbox 980 2514 1155 2593; x_wconf 85' lang='lat' dir='ltr'>versionis</span> <span class='ocrx_word' id='word_1_138' title='bbox 1177 2515 1243 2610; x_wconf 84' lang='lat' dir='ltr'>Sy-</span> 
     </span>
     <span class='ocr_line' id='line_1_20' title="bbox 161 2637 1244 2736; baseline -0.006 -24"><span class='ocrx_word' id='word_1_139' title='bbox 161 2639 285 2734; x_wconf 78' lang='lat' dir='ltr'>riacae,</span> <span class='ocrx_word' id='word_1_140' title='bbox 303 2663 408 2736; x_wconf 89' lang='lat' dir='ltr'>quam</span> <span class='ocrx_word' id='word_1_141' title='bbox 438 2637 607 2712; x_wconf 90' lang='lat' dir='ltr'>Pesohito</span> <span class='ocrx_word' id='word_1_142' title='bbox 633 2644 772 2732; x_wconf 88' lang='lat' dir='ltr'>vocant,</span> <span class='ocrx_word' id='word_1_143' title='bbox 804 2639 934 2734; x_wconf 87' lang='lat' dir='ltr'>differt,</span> <span class='ocrx_word' id='word_1_144' title='bbox 965 2645 1001 2711; x_wconf 91' lang='lat' dir='ltr'>et</span> <span class='ocrx_word' id='word_1_145' title='bbox 1030 2661 1110 2712; x_wconf 90' lang='lat' dir='ltr'>cum</span> <span class='ocrx_word' id='word_1_146' title='bbox 1139 2639 1244 2709; x_wconf 90' lang='lat' dir='ltr'>textu</span> 
     </span>
     <span class='ocr_line' id='line_1_21' title="bbox 159 2753 1245 2856; baseline -0.009 -21"><span class='ocrx_word' id='word_1_147' title='bbox 159 2753 346 2856; x_wconf 80' lang='lat' dir='ltr'>Evangelii</span> <span class='ocrx_word' id='word_1_148' title='bbox 363 2758 500 2856; x_wconf 84' lang='lat' dir='ltr'>Syriaci</span> <span class='ocrx_word' id='word_1_149' title='bbox 517 2764 695 2854; x_wconf 87' lang='lat' dir='ltr'>consonat,</span> <span class='ocrx_word' id='word_1_150' title='bbox 717 2759 811 2856; x_wconf 92' lang='lat' dir='ltr'>quod</span> <span class='ocrx_word' id='word_1_151' title='bbox 838 2756 1040 2832; x_wconf 82' lang='lat' dir='ltr'>Ouretonus</span> <span class='ocrx_word' id='word_1_152' title='bbox 1067 2754 1189 2848; x_wconf 85' lang='lat' dir='ltr'>edidit,</span> <span class='ocrx_word' id='word_1_153' title='bbox 1207 2759 1245 2826; x_wconf 91' lang='lat' dir='ltr'>et</span> 
     </span>
     <span class='ocr_line' id='line_1_22' title="bbox 158 2872 1242 2974; baseline -0.009 -21"><span class='ocrx_word' id='word_1_154' title='bbox 158 2879 320 2953; x_wconf 88' lang='lat' dir='ltr'>versione</span> <span class='ocrx_word' id='word_1_155' title='bbox 338 2876 504 2952; x_wconf 90' lang='lat' dir='ltr'>Pesohito</span> <span class='ocrx_word' id='word_1_156' title='bbox 523 2877 701 2974; x_wconf 85' lang='lat' dir='ltr'>antiquius</span> <span class='ocrx_word' id='word_1_157' title='bbox 728 2883 824 2950; x_wconf 89' lang='lat' dir='ltr'>recte</span> <span class='ocrx_word' id='word_1_158' title='bbox 851 2875 990 2950; x_wconf 87' lang='lat' dir='ltr'>asserit.</span> <span class='ocrx_word' id='word_1_159' title='bbox 1008 2874 1111 2965; x_wconf 87' lang='lat' dir='ltr'>Quod</span> <span class='ocrx_word' id='word_1_160' title='bbox 1136 2872 1187 2945; x_wconf 90' lang='lat' dir='ltr'>ita</span> <span class='ocrx_word' id='word_1_161' title='bbox 1204 2894 1242 2944; x_wconf 89' lang='lat' dir='ltr'>se</span> 
     </span>
     <span class='ocr_line' id='line_1_23' title="bbox 158 2993 1321 3093; baseline -0.003 -23"><span class='ocrx_word' id='word_1_162' title='bbox 158 2998 298 3093; x_wconf 87' lang='lat' dir='ltr'>habere,</span> <span class='ocrx_word' id='word_1_163' title='bbox 316 2993 498 3070; x_wconf 89' lang='lat' dir='ltr'>nonnullis</span> <span class='ocrx_word' id='word_1_164' title='bbox 515 2994 582 3068; x_wconf 92' lang='lat' dir='ltr'>hoc</span> <span class='ocrx_word' id='word_1_165' title='bbox 603 2993 680 3067; x_wconf 91' lang='lat' dir='ltr'>loco</span> <span class='ocrx_word' id='word_1_166' title='bbox 698 2993 873 3093; x_wconf 83' lang='lat' dir='ltr'>exemphs</span> <span class='ocrx_word' id='word_1_167' title='bbox 891 2995 1057 3092; x_wconf 87' lang='lat' dir='ltr'>probabo.</span> <span class='ocrx_word' id='word_1_168' title='bbox 1084 2993 1129 3066; x_wconf 89' lang='lat' dir='ltr'>In</span> <span class='ocrx_word' id='word_1_169' title='bbox 1149 3016 1241 3068; x_wconf 90' lang='lat' dir='ltr'>com·</span> <span class='ocrx_word' id='word_1_170' title='bbox 1316 3043 1321 3054; x_wconf 87' lang='lat'><em>·</em></span> 
     </span>
     <span class='ocr_line' id='line_1_24' title="bbox 158 3099 1242 3214; baseline -0.003 -25"><span class='ocrx_word' id='word_1_171' title='bbox 158 3114 340 3189; x_wconf 83' lang='lat' dir='ltr'>mortariis</span> <span class='ocrx_word' id='word_1_172' title='bbox 360 3139 386 3188; x_wconf 91' lang='lat' dir='ltr'>s.</span> <span class='ocrx_word' id='word_1_173' title='bbox 400 3115 596 3214; x_wconf 82' lang='lat' dir='ltr'>Ephraemi</span> <span class='ocrx_word' id='word_1_174' title='bbox 613 3141 647 3214; x_wconf 92' lang='lat' dir='ltr'>p.</span> <span class='ocrx_word' id='word_1_175' title='bbox 663 3119 685 3188; x_wconf 87' lang='lat'>5</span> <span class='ocrx_word' id='word_1_176' title='bbox 703 3115 802 3189; x_wconf 90' lang='lat' dir='ltr'>locus</span> <span class='ocrx_word' id='word_1_177' title='bbox 821 3099 915 3212; x_wconf 83' lang='lat' dir='ltr'>apud</span> <span class='ocrx_word' id='word_1_178' title='bbox 939 3115 1037 3188; x_wconf 89' lang='lat' dir='ltr'>Ioan.</span> <span class='ocrx_word' id='word_1_179' title='bbox 1053 3117 1084 3208; x_wconf 88' lang='lat'>1,</span> <span class='ocrx_word' id='word_1_180' title='bbox 1107 3113 1168 3186; x_wconf 81' lang='grc'>4-5</span> <span class='ocrx_word' id='word_1_181' title='bbox 1191 3115 1242 3188; x_wconf 88' lang='lat' dir='ltr'>sio</span> 
     </span>
     <span class='ocr_line' id='line_1_25' title="bbox 159 3229 1243 3331; baseline -0.003 -24"><span class='ocrx_word' id='word_1_182' title='bbox 159 3234 331 3308; x_wconf 86' lang='lat' dir='ltr'>habetur:</span> <span class='ocrx_word' id='word_1_183' title='bbox 362 3253 377 3289; x_wconf 65' lang='lat' dir='ltr'>s</span> <span class='ocrx_word' id='word_1_184' title='bbox 404 3231 488 3306; x_wconf 82' lang='lat' dir='ltr'>Sine</span> <span class='ocrx_word' id='word_1_185' title='bbox 515 3232 593 3331; x_wconf 90' lang='lat' dir='ltr'>ipso</span> <span class='ocrx_word' id='word_1_186' title='bbox 619 3233 750 3306; x_wconf 87' lang='lat' dir='ltr'>factum</span> <span class='ocrx_word' id='word_1_187' title='bbox 779 3239 834 3306; x_wconf 90' lang='lat' dir='ltr'>est</span> <span class='ocrx_word' id='word_1_188' title='bbox 867 3232 966 3306; x_wconf 88' lang='lat' dir='ltr'>nihil.</span> <span class='ocrx_word' id='word_1_189' title='bbox 1002 3229 1243 3328; x_wconf 79' lang='lat' dir='ltr'>Quodcunque</span> 
     </span>
     <span class='ocr_line' id='line_1_26' title="bbox 162 3350 1243 3450; baseline 0.002 -26"><span class='ocrx_word' id='word_1_190' title='bbox 162 3353 289 3428; x_wconf 84' lang='lat' dir='ltr'>factum</span> <span class='ocrx_word' id='word_1_191' title='bbox 312 3359 378 3448; x_wconf 91' lang='lat' dir='ltr'>est,</span> <span class='ocrx_word' id='word_1_192' title='bbox 395 3352 597 3450; x_wconf 90' lang='lat' dir='ltr'>peripsum</span> <span class='ocrx_word' id='word_1_193' title='bbox 615 3353 690 3426; x_wconf 89' lang='lat' dir='ltr'>vita</span> <span class='ocrx_word' id='word_1_194' title='bbox 707 3359 794 3449; x_wconf 87' lang='lat' dir='ltr'>erat,</span> <span class='ocrx_word' id='word_1_195' title='bbox 813 3359 849 3426; x_wconf 92' lang='lat' dir='ltr'>et</span> <span class='ocrx_word' id='word_1_196' title='bbox 861 3353 936 3428; x_wconf 91' lang='lat' dir='ltr'>vita</span> <span class='ocrx_word' id='word_1_197' title='bbox 954 3357 1030 3426; x_wconf 83' lang='lat' dir='ltr'>erat</span> <span class='ocrx_word' id='word_1_198' title='bbox 1048 3350 1113 3424; x_wconf 87' lang='lat' dir='ltr'>lux</span> <span class='ocrx_word' id='word_1_199' title='bbox 1130 3351 1243 3438; x_wconf 85' lang='lat' dir='ltr'>homi-</span> 
     </span>
     <span class='ocr_line' id='line_1_27' title="bbox 156 3469 1242 3568; baseline 0.002 -25"><span class='ocrx_word' id='word_1_200' title='bbox 156 3495 242 3544; x_wconf 92' lang='lat' dir='ltr'>num</span> <span class='ocrx_word' id='word_1_201' title='bbox 257 3511 285 3548; x_wconf 70' lang='lat' dir='ltr'>n.</span> <span class='ocrx_word' id='word_1_202' title='bbox 295 3469 533 3566; x_wconf 83' lang='lat' dir='ltr'>Evangelium</span> <span class='ocrx_word' id='word_1_203' title='bbox 552 3470 735 3568; x_wconf 90' lang='lat' dir='ltr'>antiquum</span> <span class='ocrx_word' id='word_1_204' title='bbox 754 3470 926 3547; x_wconf 84' lang='lat' dir='ltr'>Curetoni</span> <span class='ocrx_word' id='word_1_205' title='bbox 942 3471 1037 3544; x_wconf 92' lang='lat' dir='ltr'>hunc</span> <span class='ocrx_word' id='word_1_206' title='bbox 1053 3471 1170 3544; x_wconf 87' lang='lat' dir='ltr'>locum</span> <span class='ocrx_word' id='word_1_207' title='bbox 1184 3495 1242 3545; x_wconf 91' lang='lat' dir='ltr'>eo-</span> 
     </span>
     <span class='ocr_line' id='line_1_28' title="bbox 158 3588 1242 3687; baseline 0.001 -26"><span class='ocrx_word' id='word_1_208' title='bbox 158 3589 237 3664; x_wconf 89' lang='lat' dir='ltr'>dem</span> <span class='ocrx_word' id='word_1_209' title='bbox 255 3588 360 3661; x_wconf 91' lang='lat' dir='ltr'>modo</span> <span class='ocrx_word' id='word_1_210' title='bbox 373 3588 501 3684; x_wconf 90' lang='lat' dir='ltr'>reddit,</span> <span class='ocrx_word' id='word_1_211' title='bbox 515 3612 619 3686; x_wconf 91' lang='lat' dir='ltr'>quem</span> <span class='ocrx_word' id='word_1_212' title='bbox 634 3588 800 3664; x_wconf 90' lang='lat' dir='ltr'>Pesohito</span> <span class='ocrx_word' id='word_1_213' title='bbox 812 3590 955 3687; x_wconf 85' lang='lat' dir='ltr'>juxtam</span> <span class='ocrx_word' id='word_1_214' title='bbox 977 3596 1116 3666; x_wconf 85' lang='lat' dir='ltr'>textum</span> <span class='ocrx_word' id='word_1_215' title='bbox 1130 3589 1242 3664; x_wconf 85' lang='lat' dir='ltr'>Grae·</span> 
     </span>
     <span class='ocr_line' id='line_1_29' title="bbox 159 3706 1243 3807; baseline 0.003 -27"><span class='ocrx_word' id='word_1_216' title='bbox 159 3731 236 3798; x_wconf 85' lang='lat' dir='ltr'>oum</span> <span class='ocrx_word' id='word_1_217' title='bbox 255 3707 456 3781; x_wconf 89' lang='lat' dir='ltr'>emendavit</span> <span class='ocrx_word' id='word_1_218' title='bbox 474 3714 510 3780; x_wconf 92' lang='lat' dir='ltr'>et</span> <span class='ocrx_word' id='word_1_219' title='bbox 525 3707 658 3781; x_wconf 89' lang='lat' dir='ltr'>vertit:</span> <span class='ocrx_word' id='word_1_220' title='bbox 683 3706 797 3782; x_wconf 69' lang='lat' dir='ltr'>“Sine</span> <span class='ocrx_word' id='word_1_221' title='bbox 819 3707 897 3807; x_wconf 91' lang='lat' dir='ltr'>ipso</span> <span class='ocrx_word' id='word_1_222' title='bbox 914 3708 1044 3782; x_wconf 85' lang='lat' dir='ltr'>lactum</span> <span class='ocrx_word' id='word_1_223' title='bbox 1061 3713 1116 3784; x_wconf 87' lang='lat' dir='ltr'>est</span> <span class='ocrx_word' id='word_1_224' title='bbox 1141 3707 1243 3802; x_wconf 89' lang='lat' dir='ltr'>nihil,</span> 
     </span>
     <span class='ocr_line' id='line_1_30' title="bbox 158 3825 1242 3924; baseline 0.004 -26"><span class='ocrx_word' id='word_1_225' title='bbox 158 3826 250 3922; x_wconf 92' lang='lat' dir='ltr'>quod</span> <span class='ocrx_word' id='word_1_226' title='bbox 275 3825 406 3898; x_wconf 88' lang='lat' dir='ltr'>lactum</span> <span class='ocrx_word' id='word_1_227' title='bbox 434 3832 498 3899; x_wconf 93' lang='lat' dir='ltr'>est.</span> <span class='ocrx_word' id='word_1_228' title='bbox 525 3826 570 3899; x_wconf 92' lang='lat' dir='ltr'>In</span> <span class='ocrx_word' id='word_1_229' title='bbox 594 3825 672 3924; x_wconf 92' lang='lat' dir='ltr'>ipso</span> <span class='ocrx_word' id='word_1_230' title='bbox 698 3826 774 3901; x_wconf 90' lang='lat' dir='ltr'>vita</span> <span class='ocrx_word' id='word_1_231' title='bbox 801 3833 878 3901; x_wconf 86' lang='lat' dir='ltr'>erat</span> <span class='ocrx_word' id='word_1_232' title='bbox 908 3833 945 3900; x_wconf 90' lang='lat' dir='ltr'>et</span> <span class='ocrx_word' id='word_1_233' title='bbox 970 3827 1046 3902; x_wconf 89' lang='lat' dir='ltr'>vita</span> <span class='ocrx_word' id='word_1_234' title='bbox 1072 3831 1149 3902; x_wconf 87' lang='lat' dir='ltr'>erat</span> <span class='ocrx_word' id='word_1_235' title='bbox 1176 3825 1242 3902; x_wconf 81' lang='lat' dir='ltr'>lux</span> 
     </span>
     <span class='ocr_line' id='line_1_31' title="bbox 157 3942 1240 4042; baseline 0.003 -26"><span class='ocrx_word' id='word_1_236' title='bbox 157 3942 337 4016; x_wconf 91' lang='lat' dir='ltr'>hominum</span> <span class='ocrx_word' id='word_1_237' title='bbox 350 3981 378 4020; x_wconf 71' lang='lat' dir='ltr'>s.</span> <span class='ocrx_word' id='word_1_238' title='bbox 406 3944 527 4019; x_wconf 90' lang='lat' dir='ltr'>Verba</span> <span class='ocrx_word' id='word_1_239' title='bbox 552 3945 726 4020; x_wconf 89' lang='lat' dir='ltr'>Matthaei</span> <span class='ocrx_word' id='word_1_240' title='bbox 746 3949 778 4042; x_wconf 93' lang='lat' dir='ltr'>l,</span> <span class='ocrx_word' id='word_1_241' title='bbox 801 3949 847 4020; x_wconf 83' lang='lat'>25</span> <span class='ocrx_word' id='word_1_242' title='bbox 874 3947 912 4020; x_wconf 90' lang='lat' dir='ltr'>in</span> <span class='ocrx_word' id='word_1_243' title='bbox 942 3946 1195 4021; x_wconf 90' lang='lat' dir='ltr'>commentario</span> <span class='ocrx_word' id='word_1_244' title='bbox 1213 3969 1240 4020; x_wconf 91' lang='lat' dir='ltr'>s.</span> 
     </span>
     <span class='ocr_line' id='line_1_32' title="bbox 157 4062 1241 4161; baseline -0.001 -21"><span class='ocrx_word' id='word_1_245' title='bbox 157 4062 348 4161; x_wconf 84' lang='lat' dir='ltr'>Ephraemi</span> <span class='ocrx_word' id='word_1_246' title='bbox 374 4063 424 4137; x_wconf 90' lang='lat' dir='ltr'>sic</span> <span class='ocrx_word' id='word_1_247' title='bbox 451 4064 673 4140; x_wconf 89' lang='lat' dir='ltr'>redduntur:</span> <span class='ocrx_word' id='word_1_248' title='bbox 704 4067 790 4141; x_wconf 66' lang='lat' dir='ltr'>«In</span> <span class='ocrx_word' id='word_1_249' title='bbox 816 4068 1079 4141; x_wconf 82' lang='lat' dir='ltr'>sanctitate</span> <span class='ocrx_word' id='word_1_250' title='bbox 1106 4065 1241 4143; x_wconf 86' lang='lat' dir='ltr'>habita-</span> 
     </span>
    </p>
   </div>
   <div class='ocr_carea' id='block_1_9' title="bbox 157 4183 1245 4288">
    <p class='ocr_par' dir='ltr' id='par_1_10' title="bbox 157 4183 1245 4288">
     <span class='ocr_line' id='line_1_33' title="bbox 157 4183 1245 4288; baseline 0.008 -32"><span class='ocrx_word' id='word_1_251' title='bbox 157 4184 217 4256; x_wconf 89' lang='lat' dir='ltr'>bat</span> <span class='ocrx_word' id='word_1_252' title='bbox 233 4207 312 4258; x_wconf 91' lang='lat' dir='ltr'>cum</span> <span class='ocrx_word' id='word_1_253' title='bbox 331 4207 384 4279; x_wconf 89' lang='lat' dir='ltr'>ea,</span> <span class='ocrx_word' id='word_1_254' title='bbox 404 4183 514 4257; x_wconf 91' lang='lat' dir='ltr'>donec</span> <span class='ocrx_word' id='word_1_255' title='bbox 544 4187 684 4285; x_wconf 89' lang='lat' dir='ltr'>peperit</span> <span class='ocrx_word' id='word_1_256' title='bbox 712 4188 989 4288; x_wconf 79' lang='lat' dir='ltr'>primogenitum</span> <span class='ocrx_word' id='word_1_257' title='bbox 1005 4218 1041 4288; x_wconf 76' lang='lat'>„3</span> <span class='ocrx_word' id='word_1_258' title='bbox 1060 4192 1098 4264; x_wconf 90' lang='lat' dir='ltr'>in</span> <span class='ocrx_word' id='word_1_259' title='bbox 1123 4193 1245 4267; x_wconf 74' lang='lat' dir='ltr'>Evan-</span> 
     </span>
    </p>
   </div>
   <div class='ocr_carea' id='block_1_10' title="bbox 38 4293 1240 4403">
    <p class='ocr_par' dir='ltr' id='par_1_11' title="bbox 38 4293 1240 4403">
     <span class='ocr_line' id='line_1_34' title="bbox 38 4293 1240 4403; baseline 0.007 -30"><span class='ocrx_word' id='word_1_260' title='bbox 38 4293 39 4296; x_wconf 61' lang='grc'>’</span> <span class='ocrx_word' id='word_1_261' title='bbox 159 4301 252 4396; x_wconf 83' lang='lat' dir='ltr'>gelio</span> <span class='ocrx_word' id='word_1_262' title='bbox 279 4303 424 4402; x_wconf 90' lang='lat' dir='ltr'>antiquo</span> <span class='ocrx_word' id='word_1_263' title='bbox 452 4301 842 4383; x_wconf 73' lang='lat' dir='ltr'>Ouret0n12aoaste</span> <span class='ocrx_word' id='word_1_264' title='bbox 868 4309 1051 4386; x_wconf 85' lang='lat' dir='ltr'>habitabat</span> <span class='ocrx_word' id='word_1_265' title='bbox 1076 4332 1155 4382; x_wconf 91' lang='lat' dir='ltr'>oum</span> <span class='ocrx_word' id='word_1_266' title='bbox 1186 4331 1240 4403; x_wconf 84' lang='lat' dir='ltr'>ea,</span> 
     </span>
    </p>
   </div>
   <div class='ocr_carea' id='block_1_11' title="bbox 161 4417 1238 4522">
    <p class='ocr_par' dir='ltr' id='par_1_12' title="bbox 161 4417 1238 4522">
     <span class='ocr_line' id='line_1_35' title="bbox 161 4417 1238 4522; baseline 0.013 -32"><span class='ocrx_word' id='word_1_267' title='bbox 161 4417 268 4494; x_wconf 87' lang='lat' dir='ltr'>donee</span> <span class='ocrx_word' id='word_1_268' title='bbox 284 4421 424 4521; x_wconf 90' lang='lat' dir='ltr'>peperit</span> <span class='ocrx_word' id='word_1_269' title='bbox 441 4421 554 4497; x_wconf 88' lang='lat' dir='ltr'>filium</span> <span class='ocrx_word' id='word_1_270' title='bbox 569 4451 608 4522; x_wconf 70' lang='lat'>„3</span> <span class='ocrx_word' id='word_1_271' title='bbox 625 4425 663 4502; x_wconf 93' lang='lat' dir='ltr'>in</span> <span class='ocrx_word' id='word_1_272' title='bbox 680 4426 846 4504; x_wconf 88' lang='lat' dir='ltr'>Pesohito</span> <span class='ocrx_word' id='word_1_273' title='bbox 864 4428 951 4502; x_wconf 91' lang='lat' dir='ltr'>etin</span> <span class='ocrx_word' id='word_1_274' title='bbox 967 4427 1238 4506; x_wconf 78' lang='lat' dir='ltr'>textuGraeoo:</span> 
     </span>
    </p>
   </div>
   <div class='ocr_carea' id='block_1_12' title="bbox 0 0 1638 5220">
    <p class='ocr_par' dir='ltr' id='par_1_13' title="bbox 0 0 1638 5220">
     <span class='ocr_line' id='line_1_36' title="bbox 0 0 1638 5220; baseline 0 5"><span class='ocrx_word' id='word_1_275' title='bbox 0 0 1638 5220; x_wconf 95' lang='lat' dir='ltr'> </span> 
     </span>
    </p>
   </div>
  </div>
 </body>
</html>
