3302 5186
1218 363 1288 432 253

196 495 427 584 norabantur,
445 493 680 590 apparuisset,
693 491 810 590 ipsum
828 492 988 562 lecerunt
1004 490 1041 562 in
1060 489 1201 584 signum
1214 512 1290 561 om·

197 595 296 667 nium
326 596 610 694 opprobriorum,
627 603 668 668 ut
693 595 920 669 calcitrantes
951 600 987 664 et
1017 592 1288 666 recalcitrantes

196 720 275 770 eum
308 699 536 795 repellerent.
568 699 685 787 Quum
715 697 842 788 Isratl,
869 695 929 790 qui
959 695 1216 768 blandimentis
1248 717 1286 766 a·

194 801 313 872 bunde
345 802 554 874 allicebatur
586 809 621 874 et
653 801 930 888 demulcebatur,
960 799 1065 896 plene
1100 798 1288 870 institutus

195 911 310 997 esset,
344 906 603 978 “incrassatus
640 913 676 998 et
707 903 889 974 ‘dilatatus
918 909 986 993 est,
1022 908 1058 973 et
1083 895 1295 1000 recalcitra-s

194 1003 247 1076 vit
264 1005 275 1051 ¹
295 1021 331 1082 t.
353 1009 396 1082 'A
426 1005 581 1104 pueritia
610 1029 675 1080 aua
704 1005 918 1101 imaginibus
949 1005 1063 1078 crucis
1101 1001 1284 1075 laetificati

195 1115 301 1200 sunt,
338 1109 374 1180 in
410 1111 480 1182 line
511 1115 629 1182 autern
668 1110 706 1182 in
733 1109 905 1181 servitute
936 1105 1029 1181 inter
1062 1113 1188 1200 gentes
1224 1128 1286 1196 eos

194 1210 350 1298 inclusit.
366 1224 389 1270 'u
417 1213 487 1302 Qui
514 1213 687 1286 delicatus
713 1217 779 1305 est,
793 1211 795 1214 ’
809 1212 872 1304 ait,
903 1210 940 1282 in
972 1209 1180 1284 servitutem
1212 1216 1285 1284 tra*

194 1314 298 1388 delur
317 1355 331 1388 a
349 1313 375 1386 2·
1279 1321 1282 1327 ι

295 1419 393 1490 Vera
422 1417 535 1492 forma
564 1425 730 1516 typorum
749 1417 793 1488 ad
816 1441 877 1490 eos
904 1414 1069 1511 pervenit
1095 1421 1131 1486 et
1158 1417 1203 1488 ab
1230 1416 1283 1490 cis

190 1527 404 1594 commutata
420 1529 485 1614 est,
503 1519 664 1616 quamvis
683 1544 729 1592 ex
747 1519 854 1614 longo
872 1527 1032 1613 tempore
1060 1541 1125 1613 ρετ
1152 1518 1286 1592 multas

192 1621 442 1696 similitudines
470 1624 545 1720 ejus
565 1622 752 1696 enercitati
779 1628 910 1716 essent,
929 1628 970 1692 ut
987 1644 1067 1692 eum
1092 1633 1282 1714 cognosce·¹

192 1732 283 1800 rent.
311 1726 394 1798 Non
412 1733 655 1820 cognoverunt
681 1725 771 1797 illud
790 1747 931 1819 eorpus,
949 1724 1050 1820 cujus
1069 1724 1196 1794 umbra
1221 1746 1285 1798 eos

192 1827 334 1922 operuit
358 1827 395 1902 in
422 1829 574 1901 deserto.
600 1827 672 1902 Per
689 1829 839 1924 lignum,
858 1821 1052 1920 imaginem
1079 1824 1167 1920 ejus,
1191 1848 1286 1920 aqua
1371 1905 1373 1913 ,

193 1933 316 2002 eorum
334 1927 448 2004 dulcis
466 1932 559 2004 facta
577 1937 642 2024 est,
661 1938 697 2004 et
713 1955 778 2028 per
798 1937 1018 2026 serpentem,
1032 1927 1175 2022 signum
1193 1928 1282 2023 ejus,

190 2033 347 2128 aplagis
375 2041 582 2129 serpentum
608 2035 751 2108 liberati
777 2041 871 2126 sunt,
889 2033 1008 2128 ibique
1038 2033 1224 2104 sabbatum
1246 2037 1285 2103 et

190 2135 411 2208 circumcisio
429 2138 674 2230 damnabatur,
693 2137 777 2233 quia
802 2141 968 2209 neutrum
986 2157 1047 2206 eos
1073 2133 1190 2228 potuit
1213 2134 1284 2204 sal-

188 2261 284 2311 vare.
312 2237 363 2310 Hi
391 2247 484 2334 sunt,
511 2241 572 2338 qui
601 2242 858 2314 aversabantur
888 2239 987 2310 illam
1018 2236 1156 2331 faciem,
1181 2237 1283 2331 cujus

188 2340 303 2420 forma
321 2343 486 2415 continuo
504 2367 620 2416 coram
639 2344 692 2415 eis
710 2343 981 2438 depingebatur.
1007 2339 1162 2434 Propter
1185 2339 1282 2410 colo-

189 2465 247 2516 res
265 2467 372 2519 verae
390 2445 549 2540 picturae
569 2447 655 2542 ejus,
670 2445 798 2540 quibus
816 2451 985 2538 tanquam
1003 2441 1188 2514 indelebili
1201 2443 1283 2537 pul·¹
1328 2508 1335 2516 .

190 2546 391 2618 chritudiue
421 2546 641 2642 splendebat,
670 2547 721 2618 eis
749 2547 887 2618 alienus
912 2546 1111 2620 videbatur.
1148 2545 1286 2618 Omnes

189 2649 385 2750 prophetae
413 2648 683 2722 similitudinem
715 2657 852 2722 tantum
881 2647 1040 2720 colorum
1067 2649 1143 2744 ejus
1161 2655 1283 2721 osten·

189 2752 326 2844 derant,
339 2751 423 2846 quia
439 2752 556 2848 imago
573 2752 690 2826 baculi
709 2775 781 2826 non
800 2755 877 2822 erat
894 2752 1060 2848 perfecta,
1079 2755 1119 2821 ut
1138 2750 1281 2844 signum

189 2853 314 2945 erucis,
333 2861 369 2924 et
397 2855 623 2952 pulchritudo
654 2855 755 2950 ligni,
773 2853 867 2949 quod
894 2865 1004 2950 aquas
1032 2852 1153 2924 dulces
1185 2855 1283 2948 fecit,

189 2979 260 3028 non
278 2965 356 3030 erat
373 2959 541 3052 perfecta,
560 2966 600 3030 ut
618 2957 846 3056 pulchritudo
864 2956 955 3050 ligni
977 2955 1087 3048 illius,
1105 2977 1175 3050 quo
1195 2981 1283 3052 gen-v

189 3066 243 3134 tes
262 3059 384 3134 dulces
402 3067 438 3132 et
455 3069 660 3133 mansuetae
678 3063 790 3134 factae
810 3067 903 3132 sunt.
919 3059 1138 3153 Quocunque
1158 3056 1287 3134 simili-i

190 3161 276 3236 tudo
308 3162 492 3236 hominis³
511 3164 662 3257 transiit,
681 3188 746 3260 per
765 3185 842 3234 eam
871 3169 1007 3258 emotae
1035 3167 1071 3232 et
1096 3165 1292 3261 conturba-¹

191 3271 247 3336 tae
268 3273 350 3338 sunt
368 3291 489 3340 omnes
507 3275 703 3359 creaturae,
722 3287 819 3338 mare
845 3289 910 3362 per
928 3264 1067 3360 virgam
1094 3265 1181 3360 ejus,
1204 3265 1285 3362 pla*

193 3391 259 3461 gae
291 3376 497 3464 serpentum
527 3393 591 3466 ρετ
621 3369 795 3444 vexillum
828 3370 915 3464 ejus,
943 3367 1142 3440 amaritudo
1169 3393 1284 3464 aquae

193 3495 258 3565 per
285 3479 408 3568 typum
441 3473 527 3568 ejus.
547 3473 759 3568 Ubicunque
790 3481 909 3544 autem
927 3471 1072 3544 Veritas
1104 3472 1283 3568 apparuit,

193 3575 312 3644 subito
339 3576 548 3670 reprehensi
579 3582 681 3669 sunt,
713 3576 774 3670 qui
810 3575 973 3648 sordibus
1004 3574 1134 3647 obtecti
1169 3585 1283 3648 erant.

193 3675 264 3746 Hic
283 3682 337 3746 est
353 3677 441 3769 fons,
460 3679 520 3772 qui
538 3679 793 3752 beatitudinem
813 3677 889 3749 sine
916 3677 1052 3749 invidia
1077 3676 1211 3772 profert
1229 3679 1283 3750 bi-

192 3777 370 3872 bentibus,
384 3779 446 3874 qui
464 3779 615 3853 invicem
633 3804 704 3852 non
718 3780 961 3852 aemulantur.
983 3779 1173 3851 Emanavit
1190 3803 1284 3876 aqua

193 3885 229 3950 et
246 3879 284 3952 in
302 3903 423 3954 omnes
442 3889 563 3978 partes
583 3876 801 3976 directa'est,
816 3905 860 3954 ne
879 3905 972 3953 unus
989 3880 1034 3952 ad
1053 3888 1175 3978 potum
1194 3881 1282 3954 alte-

192 3981 269 4055 rius
290 3983 434 4057 invidus
452 3985 658 4082 respiceret.

274 4189 300 4244 1.
322 4187 415 4246 Dnor.
430 4191 478 4261 32,
494 4189 542 4248 75.

272 4267 301 4320 a.
322 4267 414 4324 mov.
429 4267 477 4342 aa,
491 4270 540 4326 τι.

276 4344 304 4398 3.
325 4343 349 4401 Ι.
365 4362 392 4402 ε.
408 4345 523 4404 Christi
536 4347 697 4422 incarnati,
712 4343 762 4423 qui
777 4343 857 4419 typis
872 4343 1174 4422 repraesentabatur.
