3268 5220
372 354 416 428 64

372 497 410 563 et
443 489 513 586 ipsi
547 486 857 584 persequutionem
892 486 1073 585 patientur
1088 485 1135 562 'a
1171 485 1257 560 Ideo
1292 483 1460 585 Apostoli

371 616 481 688 quum
499 590 712 666 contumelia
724 590 979 685 afficerrentur,
992 590 1106 687 gavisi
1120 598 1213 685 sunt,
1230 589 1342 686 “quia
1359 591 1460 687 digni

370 695 483 769 habiti
502 702 595 790 sunt,
612 701 652 766 ut
669 693 917 767 contumeliam
938 702 1145 792 paterentur
1162 702 1308 794 propter
1329 718 1460 767 nomen

372 799 448 896 ejus
459 800 485 896 ²,
500 801 590 873 sicut
602 798 776 871 Dominus
794 799 845 871 eis
862 807 1109 897 praeceperat:
1141 800 1255 894 oVos,
1282 799 1342 893 ait,
1372 822 1459 894 gau-

372 903 453 977 dete
464 911 500 978 et
511 902 680 996 exultate,
694 903 756 998 qui
768 926 904 976 merces
917 910 1037 976 vestra
1049 904 1162 976 multa
1175 910 1230 976 est
1251 903 1290 976 in
1302 899 1463 1000 coelebs,

373 1014 432 1082 et:
463 1009 535 1082 “In
553 1007 616 1080 illo
635 1005 692 1079 die
711 1006 911 1102 gaudebitis
925 1005 974 1081 ¹⁴⁷2.

477 1113 571 1186 Vae
598 1109 734 1187 vobis
761 1109 1000 1186 divitibus
1028 1110 1127 1206 (an.
1147 1113 1180 1205 6,
1198 1111 1269 1205 24).
1297 1111 1459 1184 Observa

373 1212 565 1289 Dominum
582 1239 654 1289 non
672 1214 821 1287 desiisse
838 1215 904 1288 hoc
921 1217 1040 1308 verbo,
1058 1237 1103 1288 ne
1122 1215 1158 1287 id
1172 1215 1217 1286 ad
1231 1237 1352 1288 omnes
1371 1214 1461 1288 divi·

372 1324 427 1392 tes
452 1317 681 1420 applicarent.
709 1317 1022 1412 Quemadmodum,
1049 1343 1158 1414 quum
1184 1317 1299 1392 dixit:
1328 1317 1461 1392 “Beati

371 1445 546 1520 pauperes
560 1423 598 1497 in
611 1422 740 1520 spiritu
753 1446 816 1496 suo
834 1463 863 1516 a,
876 1422 1037 1495 addendo
1053 1444 1068 1478 e
1082 1421 1120 1494 in
1137 1421 1266 1518 spiritu
1281 1446 1344 1496 suo
1358 1461 1387 1514 a,
1406 1423 1461 1494 in-

371 1523 513 1621 dicavit,
527 1528 594 1601 hoc
607 1529 754 1602 verbum
772 1549 844 1598 non
861 1526 1124 1603 extendendum
1142 1549 1220 1599 esse
1238 1527 1283 1599 ad
1301 1525 1461 1622 omnes⁵,

177 1629 180 1635 ’
298 1677 300 1681 -
370 1627 431 1724 ita,
450 1655 559 1727 quum
576 1632 726 1705 diceret:
748 1631 853 1704 uvae
866 1631 967 1705 vobis
984 1627 1152 1704 divitibus
1166 1623 1195 1724 a,
1209 1652 1270 1703 eos
1284 1630 1462 1725 significa-

371 1733 434 1828 vit,
452 1735 514 1832 qui
531 1735 622 1809 nihil
639 1734 737 1808 aliud
754 1741 939 1830 quaerunt,
966 1759 1072 1830 quam
1090 1733 1245 1807 divitias.
1262 1734 1462 1807 Beatitudi·

369 1860 434 1910 nes
460 1839 579 1937 itaque
605 1863 676 1912 non
701 1838 897 1935 promissae
920 1845 1013 1932 sunt,
1039 1845 1233 1930 uteorum
1259 1839 1462 1913 nominibus

284 1987 287 1992 ·
370 1943 473 2037 quasi
491 1943 639 2040 pulchro
655 1941 832 2017 velamine
850 1942 945 2016 mala
966 1945 1136 2037 obtegant
1161 1942 1224 2016 sed
1249 1943 1461 2039 contingrmt

370 2045 423 2118 eis
442 2048 514 2144 qui,
532 2072 622 2145 quae
640 2045 832 2140 continent,
850 2052 1085 2143 exequuntur.
1100 2046 1256 2120 Nomina
1267 2049 1459 2144 unusquis-

372 2174 442 2245 que
474 2173 693 2249 quocumque
721 2151 785 2222 sub
812 2156 1002 2246 praetextu
1028 2155 1147 2246 potest
1173 2149 1366 2246 acquirere,
1394 2154 1458 2226 sed

369 2276 441 2349 res,
467 2277 557 2352 quae
583 2253 724 2328 nomine
753 2253 982 2348 significatur,
1008 2276 1120 2352 prope
1156 2261 1211 2327 est
1237 2254 1270 2326 ei
1297 2253 1455 2351 quinon

369 2358 458 2453 vult,
476 2365 516 2431 ut
534 2357 603 2432 sibi
619 2381 747 2431 nomen
774 2359 987 2432 attribuatur
1002 2357 1157 2452 virtutis,
1184 2381 1290 2453 quam
1306 2381 1377 2430 non
1393 2360 1457 2433 ha·

369 2463 431 2536 bet
444 2462 470 2536 ⁶.
489 2461 692 2536 Promissae
708 2467 790 2534 sunt
803 2485 888 2557 ergo
907 2460 1068 2558 singulae
1081 2460 1318 2535 beatitudines
1333 2463 1456 2558 singu-

369 2563 415 2640 lis
434 2566 600 2664 0peribus
627 2573 663 2639 et
689 2565 831 2660 singula
856 2565 948 2638 dona
974 2565 1125 2662 singulis
1152 2564 1364 2661 hominibus,
1393 2568 1456 2664 qui

369 2667 513 2746 laboreo
531 2671 730 2746 mercedem
749 2665 817 2743 sibi
835 2676 1049 2766 comparant.
1076 2669 1259 2744 Retributi
1275 2671 1458 2767 praedicta

369 2780 434 2870 est,
453 2797 542 2872 quae
560 2777 653 2849 bona
670 2797 789 2870 opera,
806 2780 912 2870 atque
929 2796 1054 2870 poena,
1082 2797 1172 2870 quae
1198 2775 1454 2871 transgressio·
1500 2863 1503 2874 ι

368 2901 451 2952 nem
473 2885 649 2976 sequetur.
677 2877 981 2968 Quemadmodum
1007 2875 1093 2950 solis
1111 2883 1147 2950 et
1164 2877 1258 2950 oculi
1283 2901 1454 2979 commer-

369 2982 424 3055 cio
441 2985 560 3059 omnia
576 2981 744 3074 visibilia,
761 3006 851 3077 quae
870 2988 952 3056 sunt
969 2981 1008 3053 in
1025 2981 1123 3054 coelo
1142 2987 1178 3053 et
1194 2982 1233 3054 in
1249 2989 1357 3076 terra,
1371 3005 1453 3056 con-

368 3087 578 3184 spiciuntur,
596 3088 648 3160 ita
665 3093 701 3158 et
716 3085 924 3159 Vivificator
941 3085 1040 3158 Deus
1058 3085 1123 3158 lux
1154 3092 1209 3158 est
1225 3085 1399 3181 vivorum,
1417 3094 1455 3159 et

366 3192 507 3288 quando
534 3190 767 3265 communicat
792 3213 872 3260 cum
897 3195 1028 3283 mente,
1054 3212 1133 3263 eam
1158 3190 1203 3264 ad
1229 3191 1454 3285 cognosenda

367 3295 539 3390 mysteria
552 3295 670 3391 erigit,
685 3295 730 3366 ad
744 3291 938 3388 sapientiae
952 3294 1121 3390 abyssum
1134 3293 1287 3387 deducit,
1306 3296 1453 3367 abscon·

367 3397 443 3472 dita
468 3398 502 3470 ei
527 3400 739 3472 manifestat.
766 3397 875 3469 Ideo:
906 3396 998 3470 Vos
1025 3397 1147 3498 estis
1174 3397 1257 3470 lux
1282 3399 1453 3494 mundi,

366 3508 435 3574 et:
462 3501 540 3576 Sal
567 3501 687 3576 estis
713 3523 794 3574 vos
821 3507 1007 3572 terrae..

471 3607 531 3680 Ad
551 3607 693 3680 Scribas
711 3611 747 3676 et
764 3603 989 3697 Pharisaeos,
1016 3604 1077 3701 qui
1103 3605 1291 3679 adstabant
1318 3611 1353 3678 et
1371 3628 1453 3678 cau·

367 3731 455 3806 suam,
473 3735 554 3784 eum
573 3707 770 3802 accusandi,
789 3709 1016 3805 quaerebant,
1034 3709 1145 3802 dixit:
1162 3708 1259 3806 Ego
1277 3733 1365 3782 non
1382 3733 1452 3784 ve·

353 3953 356 3960 ·
447 3921 474 3977 1.
496 3919 652 3991 Ituna,
668 3919 715 3976 12.
835 3949 838 3954 ·

447 4000 477 4056 2.
497 3997 572 4056 Aen.
586 3997 641 4056 Ar.
656 3997 685 4069 5,
699 3997 749 4055 41.

447 4079 475 4135 3.
496 4076 594 4136 Mans.
609 4077 637 4150 5,
653 4079 700 4135 12.

445 4157 474 4214 4.
494 4155 569 4214 Luc.
583 4158 611 4230 6,
626 4157 674 4212 2³.

446 4234 474 4293 5.
495 4233 696 4309 subintellige
713 4247 891 4310 “pauperes
905 4267 931 4300 a·

444 4316 473 4372 6.
493 4313 543 4372 Ad
556 4312 685 4374 verbum
697 4311 822 4372 Aucher
835 4316 946 4376 vertit:
964 4331 977 4365 u
990 4315 1049 4385 Qui
1063 4331 1124 4375 non
1137 4315 1214 4388 vult,
1229 4316 1264 4376 ut
1275 4316 1401 4392 superet
1414 4331 1449 4374 se

365 4409 477 4453 nomen
489 4391 696 4470 praestantiae
705 4423 732 4469 s,
746 4391 765 4451 i.
777 4411 804 4452 e.
819 4397 854 4453 ut
868 4397 1000 4458 excedat
1010 4414 1043 4456 se
1058 4397 1090 4455 et
1104 4396 1147 4456 sic
1158 4395 1217 4456 sibi
1229 4394 1448 4458 inconveniens

366 4472 421 4534 fiat
433 4488 543 4534 nomen
557 4471 689 4533 virtutis.
