3344 5200
371 376 448 450 232¹

226 503 229 510 ’
309 548 312 554 ·
369 507 469 600 hora,
507 534 577 604 qua
611 493 997 608 comprehendebatur,
1035 510 1159 582 timere
1195 505 1364 600 debebat,
1391 516 1466 579 nori

371 615 488 683 autem
515 611 585 685 alio
612 621 771 711 tempore
787 637 795 708 ;
814 623 898 687 tunc
916 619 1035 686 autem
1063 609 1203 684 sanavit
1228 631 1351 682 aurem
1372 610 1464 682 occi·

372 711 473 786 soris.
493 714 741 814 Praeceperat,
757 721 799 790 'ut
821 718 981 811 gladium
1008 720 1200 805 sumerent,
1217 713 1306 786 hora
1332 719 1464 804 autem,

371 839 442 909 qua
459 817 578 912 gladio
596 843 684 915 opus
704 829 793 914 erat,
812 820 927 894 dixit:
949 843 964 876 e
983 818 1161 892 Converte
1181 814 1341 912 gladium
1361 820 1463 887 tuum

371 917 487 992 denuo
507 921 545 992 in
563 922 678 994 locum
698 947 801 995 suum
816 923 842 998 ¹.

477 1023 583 1096 Aut²
601 1025 684 1121 quia
709 1049 774 1122 per
801 1025 935 1099 Filium
962 1023 1092 1113 debita,
1111 1045 1202 1120 quae
1227 1021 1321 1093 facta
1348 1025 1463 1108 erant,

373 1121 603 1200 solvebantur
617 1135 653 1200 et
671 1129 856 1202 conversio
875 1127 1035 1224 gentium
1054 1126 1173 1218 fiebat,
1191 1123 1356 1221 gratiam,
1370 1143 1462 1217 quae

372 1249 438 1319 pro
456 1230 588 1302 mundo
603 1239 691 1326 erat,
704 1229 819 1304 Filius
839 1231 907 1306 sibi
924 1229 994 1326 ipsi
1011 1229 1245 1326 appropriare
1263 1224 1389 1299 noluit.
1407 1223 1464 1297 ei-

374 1328 446 1400 cuti
464 1333 508 1404 ab
535 1333 647 1427 initio,
667 1334 807 1407 etiamsi
833 1333 951 1406 omnia
976 1355 1041 1428 per
1067 1333 1185 1430 ipsum
1210 1330 1305 1402 facta
1330 1333 1462 1416 essent,

372 1435 491 1504 tamen
505 1434 572 1507 hoc
586 1435 727 1509 silentio
745 1437 966 1534 praeterivit,
980 1443 1015 1506 et
1036 1458 1101 1530 per
1115 1457 1154 1506 os
1172 1431 1293 1529 Moysi
1310 1428 1463 1504 alterum

370 1530 540 1609 factorem
553 1539 724 1613 indicavit
742 1540 882 1622 dicens:
905 1539 981 1612 unt
997 1537 1089 1610 vidit
1105 1537 1205 1610 Deus
1223 1533 1352 1626 omnia,
1369 1555 1464 1629 quae

371 1632 515 1733 fecerat,
542 1648 579 1712 et
605 1664 685 1714 ecee
711 1647 804 1718 bona
830 1648 915 1714 sunt
940 1639 1045 1714 valde
1064 1680 1078 1715 a
1095 1639 1135 1732 ³3
1157 1639 1265 1735 idque
1290 1634 1394 1728 dixit,
1420 1642 1463 1706 ut

371 1735 472 1812 Patri
491 1767 554 1816 suo
572 1767 694 1818 omnes
712 1753 897 1819 creaturae
916 1745 1096 1818 debitores
1112 1743 1251 1835 tierent,
1268 1741 1320 1813 ita
1336 1744 1373 1811 et
1398 1736 1464 1810 ho·
1484 1805 1509 1816 -

370 1863 413 1912 ra
430 1848 669 1920 renovationis
687 1871 808 1922 earum
826 1847 990 1921 omnibus
1016 1869 1081 1944 per
1099 1853 1249 1920 mortem
1275 1839 1462 1916 renuncia-

371 1943 424 2015 vit
446 1955 481 2019 et
499 1949 612 2022 dixit:
640 1949 747 2024 Fiat
773 1941 998 2024 voluntas
1026 1956 1114 2042 tua,
1132 1956 1173 2021 ut
1197 1947 1299 2020 Patri
1325 1942 1461 2018 debito-

371 2069 430 2120 res
443 2049 569 2124 fierent
583 2077 716 2146 omnes,
727 2053 788 2150 qui
801 2078 866 2150 per
880 2058 1030 2126 mortem
1044 2049 1234 2147 Unigeniti
1251 2054 1463 2122 converten-

372 2148 410 2220 di
428 2161 558 2225 essent.
573 2158 677 2245 Aut,
696 2157 779 2252 quia
792 2165 952 2252 tempore
970 2155 1093 2228 mortis
1112 2151 1307 2250 corporalis
1320 2147 1462 2246 corpori

372 2250 482 2346 dedit,
500 2257 594 2352 quod
621 2259 780 2354 corporis
799 2265 887 2350 erat,
905 2257 986 2330 ideo
1011 2259 1078 2331 hoc
1104 2257 1206 2332 dixit.
1231 2254 1378 2329 Clarum
1405 2259 1460 2324 est

371 2355 477 2450 enim,
496 2381 618 2432 omnes
637 2361 778 2435 dolores
797 2361 840 2432 de
859 2383 1006 2458 corpore
1025 2360 1101 2456 ejus
1118 2359 1256 2449 testari,
1273 2363 1314 2429 ut
1325 2355 1462 2432 veritae

371 2457 448 2553 ejus
466 2460 633 2536 eluceret.
651 2467 703 2538 At
720 2470 837 2540 sectae
864 2463 1122 2537 haeretieorum
1148 2462 1269 2536 omnia
1292 2460 1381 2532 baec
1406 2457 1460 2529 in·

372 2559 463 2634 dicia
489 2565 648 2662 corporis
676 2567 752 2663 ejus
770 2567 935 2640 videntes
953 2566 997 2639 de
1016 2587 1057 2637 eo
1082 2565 1150 2638 sibi
1175 2588 1248 2638 non
1273 2583 1462 2659 persuase-

370 2672 455 2736 runt
469 2664 494 2738 ²⁸.
514 2668 566 2742 Ut
582 2669 732 2742 esurivit
750 2677 787 2746 et
813 2669 926 2743 sitivit
944 2675 980 2741 et
1006 2669 1224 2764 defatigatus
1242 2672 1297 2739 est
1324 2671 1360 2736 et
1377 2662 1460 2735 dor-

371 2765 484 2862 mivit,
502 2769 553 2843 ita
572 2779 608 2845 et
636 2772 763 2844 timuit.
782 2777 874 2846 Aut
899 2772 987 2844 baec
1012 2795 1141 2868 passus
1159 2777 1225 2863 est,
1242 2775 1283 2842 ut
1308 2765 1463 2840 homini*

370 2871 437 2942 bus
456 2871 494 2944 in
510 2881 609 2949 terra
634 2875 777 2948 difficile
804 2877 907 2948 fieret
925 2874 1065 2948 dicere:
1087 2897 1102 2932 e
1125 2873 1210 2948 Sine
1235 2869 1401 2968 passione
1424 2875 1462 2940 et

368 2971 489 3048 labore
515 2979 640 3074 eulpae
666 2985 808 3052 nostrae
828 2980 932 3052 abeo
955 2977 1120 3075 expiatae
1149 2981 1232 3049 sunt
1250 3013 1278 3049 a.
1300 2975 1392 3047 Aut
1418 2977 1459 3043 ut

368 3074 561 3174 discipulos
579 3081 734 3172 doceret,
746 3090 787 3153 ut
802 3081 913 3154 vitam
929 3087 966 3151 et
983 3086 1134 3152 mortem
1151 3101 1252 3152 suam
1269 3076 1347 3149 Deo
1364 3097 1459 3148 corn-

367 3180 588 3257 mendarent.
609 3183 646 3256 Si
666 3183 759 3255 enim
777 3185 808 3256 is
827 3183 888 3280 qui
908 3183 1049 3280 sapiens
1068 3191 1134 3275 est,
1148 3186 1296 3278 propter
1314 3177 1384 3250 Dei
1401 3200 1459 3248 eo-

366 3281 563 3375 gnitionem
581 3286 618 3358 id
636 3286 729 3381 quod
748 3286 992 3380 conveniebat,
1010 3285 1164 3383 supplex
1181 3281 1308 3373 oravit,
1326 3285 1460 3376 quanto

364 3385 481 3480 magis
499 3389 606 3462 rudes
619 3388 839 3461 voluntatem
857 3412 958 3461 suam
975 3387 1145 3460 omnieoio
1169 3384 1323 3460 tradant.
1349 3383 1456 3474 Aut,

364 3493 406 3586 ut
422 3511 489 3583 per
506 3513 606 3562 suam
623 3491 824 3585 passionem
844 3490 1011 3584 solatium
1028 3490 1066 3562 in
1085 3487 1271 3588 discipulis
1297 3487 1372 3582 suis
1398 3505 1455 3557 se-

364 3587 528 3685 minaret,
546 3591 658 3664 menti
685 3615 807 3664 eorum
834 3615 872 3664 se
890 3591 1176 3687 accommodavit,
1193 3597 1234 3664 ut
1255 3590 1307 3664 eis
1334 3609 1456 3662 exem-

363 3688 425 3784 plo
452 3692 564 3789 fieret,
591 3717 783 3791 eorumque
809 3695 973 3768 timorem
999 3696 1038 3768 in
1065 3719 1102 3769 se
1131 3693 1299 3793 suscepit,
1321 3699 1363 3765 ut
1388 3713 1455 3764 suo

364 3791 598 3871 documento³
617 3797 668 3870 eis
687 3798 902 3893 ostenderet,
917 3805 999 3871 ante
1019 3805 1169 3900 mortem
1190 3797 1234 3870 de
1252 3800 1365 3870 morte
1383 3816 1455 3865 non

440 3977 469 4107 d.
490 3972 742 4126 iiiidqdditidbs
759 4048 1006 4124 explicatur,cur
1020 4051 1160 4110 Christus
1173 4049 1325 4124 magonia
1343 4063 1452 4108 orave-

363 4133 422 4191 rit:
437 4127 507 4188 Non
521 4147 599 4210 mea,
617 4129 671 4192 sed
687 4131 740 4185 tua
754 4127 896 4187 voluntas
908 4127 975 4186 fuit.

444 4209 471 4265 3.
493 4208 568 4266 Gar.
587 4211 611 4280 l,
626 4210 673 4265 31.

438 4289 466 4342 4.
487 4285 544 4343 Hic
561 4285 647 4344 locus
663 4302 703 4346 ex
719 4283 822 4344 cod.B
838 4283 1018 4343 emendatus
1032 4285 1089 4343 est.
1101 4283 1137 4343 In
1152 4282 1257 4344 codA
1270 4297 1362 4342 sanus
1385 4296 1453 4342 sen-

360 4383 411 4425 ωε
427 4363 535 4500 bidella
549 4439 579 4498 in
596 4438 663 4500 cod,
676 4441 710 4498 B.
726 4439 763 4497 In
778 4435 844 4501 cod.
860 4439 888 4499 A
902 4439 980 4502 falso
995 4439 1189 4503 accusativus
1204 4437 1336 4519 ponitur.
