3302 5186
1234 383 1303 454 259

213 503 384 602 quamdiu
410 510 551 600 tempus
571 509 647 574 erat
673 499 873 592 occidendi,
900 507 981 573 ante
1010 506 1194 578 sabbatum
1221 531 1302 582 eum

210 609 443 706 sepelierunt,
459 629 568 703 quum
585 605 701 679 adhuc
725 604 824 676 locus
843 609 938 676 esset
964 605 1090 702 luctus,
1109 608 1202 703 quia'
1224 599 1307 686 sab-'

212 715 335 786 batum
352 711 433 784 finis
447 715 502 782 est
517 709 679 782 laborum
693 715 729 779 et
747 707 785 780 in
799 729 840 778 eo
853 707 969 780 omnis
986 709 1133 784 tristitia
1150 715 1301 810 cessat¹5

212 839 285 888 nou
303 815 401 887 enirn
416 813 516 886 locus
535 819 590 884 est
608 811 646 883 in
669 834 710 882 eo
728 809 853 901 labori,
870 833 936 880 nec
961 834 1046 907 pars
1073 817 1301 912 corruptioni.

213 919 271 992 Ab
289 917 471 992 Abraham
489 921 685 1012 coeperunt
710 913 882 1008 mysteria
897 913 989 1007 ligni
1007 922 1043 986 et
1069 917 1153 1012 agni
1180 920 1309 1016 typici.

211 1019 314 1094 Isaac
331 1020 449 1114 imago
475 1025 530 1090 est
556 1016 650 1114 agni.
679 1016 812 1088 Servus
839 1039 978 1110 quoque
1004 1019 1114 1093 Jacob
1129 1018 1145 1065 ²
1162 1019 1302 1116 lignum

211 1122 379 1216 ostendit,
391 1121 486 1220 quod
499 1143 579 1194 cum
593 1143 685 1215 aqua
702 1119 928 1214 conjunctum
942 1127 1007 1191 est.
1020 1121 1146 1218 Itaque
1164 1123 1308 1222 lignum

213 1224 362 1322 dignum
380 1225 512 1299 factum
530 1231 596 1318 est,
614 1230 655 1296 ut
681 1221 848 1295 Christus
879 1221 923 1292 de
950 1245 991 1294 eo
1014 1225 1198 1320 penderet,
1220 1229 1310 1324 quia,

214 1350 255 1400 os
274 1331 350 1427 ejus
375 1351 447 1401 non
474 1333 529 1399 est
554 1326 705 1400 fractum
724 1325 760 1397 in
779 1347 830 1396 co.
859 1323 1022 1397 Terrae5
1041 1327 1141 1423 ligno
1167 1329 1303 1405 fructus

210 1431 290 1524 ejus
315 1430 525 1524 attrahitur;
552 1428 661 1504 maris
687 1428 786 1524 ligno
813 1428 1001 1524 rapiuntur
1027 1431 1188 1505 thesauri
1213 1433 1300 1532 ejus.

210 1533 267 1606 Ita
286 1541 321 1606 et
340 1533 498 1630 corporis
517 1539 553 1604 et
570 1533 719 1605 animae.
738 1532 813 1603 Iste
832 1538 898 1622 est,
917 1530 978 1625 qui
996 1556 1186 1626 percussus
1206 1543 1261 1608 est
1279 1545 1312 1608 a'

208 1636 328 1710 furore
345 1635 600 1708 insanientium
618 1641 654 1706 et
672 1633 892 1706 silentiosae
911 1632 1037 1706 similis
1054 1635 1121 1707 suit
1139 1638 1246 1712 surdo
1265 1647 1301 1710 ct

211 1747 320 1832 muto,
339 1745 376 1811 et
393 1739 518 1834 vigore
538 1761 601 1812 suo
620 1745 656 1809 et
673 1735 835 1831 agilitate
856 1757 920 1808 sua
942 1735 987 1808 ad
1015 1739 1159 1814 excelsa
1174 1742 1298 1816 huma-

211 1841 334 1914 nitatis
353 1863 513 1918 crescere
530 1841 622 1914 fecit.

312 1945 369 2017 Et
394 1967 512 2016 unus
543 1967 599 2016 cx
634 1941 878 2037 militibus
918 1947 1165 2038 percussit
1201 1971 1304 2042 eum¹

210 2045 385 2120 lancea.
415 2046 626 2144 Opprobriis
645 2045 718 2117 suis
737 2043 911 2117 Dominus
932 2070 1015 2120 suos
1033 2049 1165 2123 amicos
1190 2051 1306 2124 hono-'

209 2145 303 2222 ravit
316 2149 343 2245 ⁴,
369 2149 595 2223 infestatores
623 2154 741 2222 autem
770 2171 852 2220 suos
879 2147 1073 2245 infestavit,
1102 2160 1142 2226 ut
1168 2153 1301 2226 inimici

202 2252 380 2348 justitiam
395 2255 482 2350 ejus,
496 2252 600 2326 amici
618 2251 897 2325 misericordiam
916 2253 992 2350 ejus
1007 2254 1195 2331 discerent.
1206 2259 1311 2332 Fons‘

208 2377 255 2427 ex
273 2355 386 2430 latere
404 2357 481 2454 ejus
499 2354 687 2452 egrediens
710 2355 897 2427 manifeste
919 2360 1133 2432 monstravit
1158 2361 1312 2455 saugui-'

209 2481 303 2550 nem,
322 2461 422 2555 cujus
447 2460 588 2555 culpam
613 2456 743 2530 Judaei
766 2457 804 2528 in
830 2482 867 2530 se
895 2459 1119 2534 contulerant
1133 2459 1159 2554 ⁵,
1183 2463 1247 2535 sed
1265 2464 1302 2534 et'

209 2559 377 2634 exierunt
393 2584 518 2658 aquae,
534 2582 625 2658 quae
639 2557 684 2630 ad
698 2559 916 2656 expiandum
938 2561 1191 2638 accelerabant.
1212 2564 1300 2638 San·

209 2663 291 2756 guis
309 2672 457 2762 aspectu
471 2685 534 2737 suo
548 2668 672 2735 contra
689 2662 875 2756 occisores,
887 2687 979 2759 aqua
996 2667 1167 2760 mysterio
1182 2691 1245 2740 suo
1256 2669 1300 2741 de
1347 2699 1348 2702 ¹

207 2769 421 2862 purgatione
448 2767 641 2841 amicorum
668 2765 744 2860 ejus
762 2763 901 2838 clamat.
928 2765 976 2838 ut
992 2767 1059 2840 hoc
1084 2771 1312 2862 factumest,

206 2875 247 2940 ut
265 2870 409 2966 scirent,
427 2869 611 2944 Christum
628 2874 877 2964 postmortem
893 2868 1026 2942 vivere.
1047 2872 1228 2960 Quantum
1245 2873 1308 2966 illi,

209 2973 387 3047 cruciatus
407 2975 482 3071 ejus
502 2973 692 3068 augebant,
707 2976 845 3044 tantum
863 2973 1024 3046 thesauri
1035 2974 1074 3047 in
1093 2999 1134 3048 eo
1152 2979 1299 3050 abscon-

206 3071 275 3146 diti
291 3077 553 3152 revelabantur.
571 3073 729 3148 Divitiae
748 3074 919 3148 coelestes
946 3074 983 3147 iu
1010 3077 1163 3174 singulis
1191 3071 1313 3152 mem-¹

208 3177 283 3251 bris
302 3180 378 3277 ejus
397 3179 546 3252 diffusae
565 3183 677 3270 erant,
696 3177 740 3249 ad
759 3201 849 3273 quae
877 3202 986 3274 quum
1008 3182 1183 3256 occisores
1202 3204 1300 3255 acce·

208 3278 346 3376 dorent,
363 3283 447 3355 illae
465 3281 670 3372 effluebant,
687 3287 728 3352 ut
754 3280 885 3353 amicos
903 3281 1068 3379 ditarent,
1091 3284 1299 3380 crucifigen-

207 3389 261 3457 tes
288 3392 406 3459 autem
434 3385 701 3459 ulciscerentur.
738 3381 890 3458 Cucurri
916 3384 961 3456 ad
987 3389 1106 3462 omnia
1140 3390 1299 3462 membra

205 3491 278 3580 tua,
296 3487 461 3582 Domine,
480 3495 516 3562 et
534 3511 580 3561 ex
598 3485 761 3559 omnibus
780 3486 899 3559 omnia
917 3488 1010 3561 dona
1027 3491 1147 3588 accepi
1174 3497 1210 3563 et
1233 3489 1311 3588 per'

205 3587 300 3662 latus
327 3599 428 3665 tuum
454 3592 578 3664 lancea
605 3589 822 3686 perforatum
850 3591 887 3662 in
918 3592 1122 3687 paradisum
1150 3593 1298 3668 circum-

286 3823 314 3878 1.
335 3821 384 3881 Ad
398 3820 542 3880 verbum:
560 3820 690 3879 “Omnia
706 3821 832 3879 tristitia
846 3823 924 3882 infra
939 3829 987 3881 est
999 3856 1024 3894 ῃ,
1038 3826 1054 3882 l.
1071 3845 1097 3884 e.
1125 3827 1300 3903 suparatur,

206 3901 322 3958 cessat·

285 3979 314 4036 2.
336 3979 411 4038 Gar.
423 3980 472 4053 30,
485 3981 533 4037 37.
546 3975 647 4037 Jacob
661 3977 734 4050 tuna
750 3976 907 4036 serviebat
917 3979 1053 4042 Labano.

286 4059 316 4114 3.
337 4058 387 4117 Ita
400 4057 431 4114 in
448 4056 515 4116 cod.
529 4056 565 4114 B.
578 4057 616 4114 In
644 4054 748 4114 codd
770 4054 849 4114 falso
867 4057 980 4120 uduo„
997 4061 1046 4117 ost
1055 4076 1110 4136 pro
1126 4062 1255 4119 “terrac
1267 4091 1295 4124 a·

205 4133 296 4194 Hunc
310 4135 411 4195 locum
425 4153 487 4195 non
500 4133 648 4208 intelligo.

285 4216 312 4271 4.
335 4211 384 4273 Sic
398 4213 430 4272 in
456 4213 522 4273 cod.
544 4212 579 4270 B.
593 4213 631 4269 In
656 4209 722 4270 cod.
739 4209 878 4271 Afalso:
895 4237 909 4268 u
926 4214 1085 4274 Percussit
1108 4214 1159 4272 illc
1182 4216 1306 4292 amieos

204 4305 278 4350 suos
301 4293 456 4351 etiterum
469 4289 664 4351 honoravit».
1282 4347 1283 4350 ,

286 4370 314 4427 5.
335 4371 384 4428 Λᾶ
408 4371 554 4430 verbum:
581 4392 596 4425 a
609 4385 700 4444 quem
723 4374 976 4452 susceperunt»,
997 4369 1118 4440 scilicet
1140 4369 1297 4434 dicantes:

203 4446 315 4507 Veniat
339 4447 462 4523 sanguis
477 4450 544 4527 ojus
559 4445 962 4526 superaccumulat.
1224 4451 1226 4456 '
