3268 5220
900 707 938 781 II

375 955 729 1006 COMMENTARIUS
760 954 786 1000 S.
812 954 1042 1027 nnnnnnrss
1070 955 1113 1002 IN
1140 955 1457 1006 clarusstnon

816 1085 1017 1134 rarum.

481 1299 673 1396 Dionysius
692 1299 870 1390 Barsalibi
888 1300 932 1372 de
951 1299 1156 1375 Diatessaro
1175 1299 1325 1394 rationi,
1343 1308 1383 1372 ut
1400 1324 1460 1372 su-

378 1420 499 1520 perius
527 1427 759 1494 memoratum
786 1426 851 1509 est,
870 1419 1018 1516 loquens
1043 1422 1131 1494 haec
1157 1422 1340 1518 adjungit:
1362 1441 1377 1480 a
1403 1421 1460 1492 Et

379 1542 460 1612 hoc
483 1539 711 1636 scriptum
738 1538 1093 1634 interpretatus
1120 1547 1193 1612 est
1219 1538 1459 1636 sEphrae-

376 1681 454 1728 mus
468 1695 495 1730 n.
514 1657 614 1729 Idem
633 1663 766 1749 auctor,
784 1663 875 1730 teste
892 1657 1089 1729 Assemano
1103 1657 1169 1753 (B.
1184 1653 1225 1732 Ο.
1239 1657 1269 1750 Ι,
1287 1658 1358 1750 57),
1376 1679 1460 1728 mox

375 1775 522 1848 inferius
549 1776 679 1862 refert:
700 1799 715 1833 r
733 1777 883 1849 Sanctus
901 1798 1039 1870 quoque
1057 1776 1280 1872 Ephraemus
1301 1773 1461 1847 ordinem

378 1893 575 1968 Diatcssari
598 1902 739 1968 secutus
757 1894 991 1990 Evangelium
1011 1895 1218 1991 explanavit
1234 1934 1262 1968 a.
1286 1893 1390 1968 Alter
1408 1898 1460 1963 te-

376 2011 442 2082 stis
462 2011 627 2105 Syriacus
645 2013 892 2086 Barhebraeus
909 2011 953 2083 de
972 2011 1178 2084 Diatessaro
1199 2011 1342 2106 quidem
1374 2011 1461 2082 Am-

375 2131 484 2202 monii
502 2131 608 2204 dicit:
630 2131 780 2227 «quod
804 2130 1078 2228 sEphraem
1104 2131 1460 2226 interpretatus

377 2256 451 2320 est
468 2287 497 2342 n,
516 2250 579 2322 sed
592 2252 702 2324 verba
720 2249 796 2346 ejus
811 2251 856 2322 ad
869 2249 1011 2323 Tatiani
1027 2249 1258 2323 Diatessaron
1276 2247 1462 2322 reserenda

376 2390 467 2459 esse,
487 2389 596 2460 supra
621 2364 902 2438 demonstratum
924 2373 988 2438 cst.
1016 2365 1085 2437 His
1104 2364 1255 2439 testibus
1280 2363 1415 2436 accedit
1432 2389 1460 2436 s.

376 2483 573 2579 Gregorius
591 2484 789 2580 Nyssenus,
803 2484 866 2580 qui
884 2509 910 2556 s.
925 2483 1127 2579 Ephraemo
1145 2507 1295 2558 coaevus
1312 2481 1368 2556 his
1381 2507 1461 2557 ver·

376 2603 430 2676 bis
459 2626 539 2674 eum
564 2603 745 2677 laudavit:
779 2605 962 2678 “Omnem
989 2610 1024 2675 et
1050 2603 1231 2700 antiquam
1263 2611 1300 2675 et
1334 2625 1461 2676 novam

352 2720 596 2817 ‘Scripturam
628 2721 770 2794 assiduo
798 2721 927 2814 studia,
959 2729 999 2794 ut
1025 2722 1141 2818 quiris
1172 2723 1275 2814 alius,
1303 2721 1461 2794 studiose

374 2839 543 2934 versavit,
569 2847 801 2935 accurateque
828 2841 1048 2914 adverbum
1074 2846 1129 2912 est
1162 2840 1415 2934 interpretatus
1433 2877 1462 2911 a.

377 2955 534 3060 (Assem.
549 2959 591 3032 B.
606 2961 646 3034 Ο.
660 2961 690 3054 Ι,
704 2985 737 3055 p.
750 2960 822 3054 56).
841 2961 1058 3055 Fragmenta
1084 2981 1222 3054 quoque
1248 2965 1460 3032 commenta·

286 3105 289 3114 ·
377 3077 466 3149 riis.
486 3077 739 3174 Ephraemiin·
758 3077 994 3172 Evangelium
1021 3078 1058 3150 in
1083 3059 1262 3152 codicibus
1278 3077 1461 3152 Vaticanis

376 3195 523 3266 Graecis
542 3197 625 3288 663,
639 3197 721 3287 733,
739 3203 775 3266 et
795 3198 887 3267 1190
913 3203 1088 3302 memorat
1113 3199 1333 3270 Assemanus
1359 3197 1397 3268 in
1418 3197 1460 3268 B.

377 3314 418 3386 O.
428 3314 458 3406 Ι,
473 3338 507 3408 p.
520 3313 597 3382 159.
615 3309 714 3397 Quae
733 3309 946 3405 testimonia,
965 3308 1039 3384 sive
1057 3311 1202 3402 directa,
1212 3311 1287 3384 sive
1308 3312 1460 3384 indirec-

377 3439 425 3526 ta,
444 3431 475 3504 si
493 3436 749 3525 componuntur
767 3452 847 3500 cum
866 3430 929 3520 eis,
947 3453 1037 3526 quae
1055 3429 1299 3516 Theodoretus
1322 3431 1371 3508 de,
1390 3455 1459 3504 usu

377 3549 575 3624 Diatessari
585 3548 726 3621 Tatiani
742 3549 837 3645 apud
849 3549 1064 3638 orthodoxos
1081 3549 1119 3621 in
1132 3549 1235 3644 Syria
1248 3556 1284 3621 et
1296 3549 1460 3646 Mesopo-

376 3668 484 3740 tamia
497 3667 598 3741 nobis
612 3667 732 3759 refert,
751 3666 837 3740 satis
860 3667 953 3740 clare
977 3667 1232 3762 demonstrant,
1253 3693 1281 3740 s.
1300 3667 1460 3764 Ephrae·

377 3809 472 3857 mum
492 3786 781 3860 commentarium
798 3787 836 3858 in
853 3785 994 3860 Tatiani
1006 3777 1237 3860 Diatessaron
1258 3785 1459 3859 confecisse.

480 3905 528 3976 Et
545 3928 671 3977 revera
696 3905 734 3977 in
762 3906 915 3978 editione
943 3904 1157 3978 Armeniaca
1182 3929 1330 4002 operum
1355 3905 1461 4002 hujus

376 4046 405 4094 s.
420 4020 550 4116 Patris,
569 4022 713 4096 intorno
730 4023 780 4117 Π,
793 4048 827 4120 p.
840 4025 964 4115 5-260,
979 4023 1251 4096 commentarius
1268 4024 1345 4120 ejus
1358 4022 1395 4094 in
1412 4021 1461 4094 E-

375 4139 582 4236 rangelium
607 4143 822 4215 concordans
840 4147 1069 4216 conservatus
1087 4149 1152 4215 cst.
1179 4145 1225 4216 ln
1242 4144 1308 4216 hac
1331 4144 1459 4216 Arme-

375 4260 478 4332 niaca
509 4259 772 4334 elucubratione
801 4262 972 4336 contineri
1003 4287 1092 4361 opus
1123 4286 1330 4358 germanum
1358 4284 1386 4333 s.
1412 4260 1460 4334 1⁴]-

286 4479 288 4488 .
376 4377 547 4475 phracmi,
567 4383 602 4450 et
619 4401 690 4451 non
719 4377 827 4474 aliud,
845 4405 950 4476 quam
977 4403 1081 4478 saepe
1109 4387 1341 4457 memoratum
1367 4399 1460 4451 com-
