3268 5220
1216 367 1301 414 γη

160 500 220 551 nes
238 500 300 550 seu
318 478 438 577 capita
452 479 708 576 quinquaginta
724 479 880 576 quinque
898 476 1138 572 distributum,
1159 501 1240 550 auc-

161 603 232 670 tore
251 597 402 672 Tatieno
421 599 568 696 Syro...
587 600 632 672 In
657 599 726 672 fine
744 601 831 674 haec
858 623 880 672 a
905 597 1052 672 librario
1076 597 1242 670 adnotata

34 775 35 780 ,
164 715 339 812 reperies:
372 718 563 816 “Explicit
589 716 722 793 auxilio
748 719 818 792 Dei
848 722 1110 792 sacrosanctum
1136 740 1242 790 evan·

164 835 303 932 gelium,
321 837 415 933 quod
432 860 479 910 ex
495 845 647 934 quatuor
671 838 868 935 evangeliis
894 837 1038 934 collegit
1059 835 1241 929 Tatianus,

165 955 323 1054 quodque
341 955 573 1030 Diatessaron
585 957 695 1054 vulgo
712 957 841 1031 dicitur
853 995 881 1032 n.
900 956 1003 1030 Istud
1020 977 1108 1052 opus
1126 950 1243 1028 Aker-

166 1071 279 1146 hladio
292 1073 412 1172 judice
430 1075 547 1172 (apud
562 1075 648 1148 Keil
665 1081 700 1148 et
716 1074 922 1168 Tachirner,
940 1072 1115 1146 Analecta
1133 1069 1241 1144 studii

166 1187 362 1284 theologiae
389 1190 591 1286 exegeticus
609 1192 659 1285 H,
677 1191 707 1286 I,
725 1217 759 1290 p.
776 1194 847 1265 184
861 1192 961 1289 sqq.)
978 1193 1052 1265 lere
1071 1190 1164 1264 idem
1188 1196 1244 1262 est

166 1313 265 1402 atque
294 1308 521 1404 evangelium
540 1329 562 1382 a
578 1309 722 1384 Victore
741 1309 884 1409 Capuae
911 1311 1076 1409 episeopo
1103 1307 1243 1381 saeculo

165 1431 262 1498 sexto
279 1425 463 1499 inventum
476 1434 512 1500 et
528 1427 566 1500 in
585 1451 783 1501 sermonem
800 1427 949 1502 latinum
967 1427 1189 1502 translatum.

260 1544 362 1616 Haec
380 1552 462 1617 sunt
479 1545 680 1618 testimonia
697 1547 920 1644 antiquorum
935 1545 979 1620 de
997 1545 1138 1620 Tatiani
1157 1544 1242 1618 Dia·

162 1667 330 1759 tessaron,
347 1665 469 1761 paucis
497 1665 577 1738 eliis
603 1665 749 1740 minoris
776 1666 944 1738 momenti
970 1664 1121 1756 omissis,
1151 1686 1242 1760 quae
1297 1735 1303 1752 ,

162 1790 300 1876 practer
315 1783 403 1855 haec
421 1777 570 1858 Carolus
586 1785 746 1860 Semisch
763 1785 800 1856 in
818 1808 883 1857 sua
898 1783 1145 1858 dissertatione
1166 1804 1181 1838 u
1198 1781 1243 1853 de

166 1899 303 1973 Tatiani
321 1901 551 1976 Diatessaron
569 1942 584 1977 s
604 1902 641 1975 in
659 1903 811 1976 medium
831 1901 989 1999 protulit.
1016 1899 1152 1990 Quibus
1170 1924 1244 1973 om-

164 2016 262 2091 nihus
281 2021 502 2117 comparatis,
520 2044 585 2118 pro
604 2028 700 2094 certo
719 2027 868 2114 constat,
895 2019 1083 2094 Tatianum
1111 2017 1244 2092 saeculi

34 2117 35 2152 ³
163 2137 303 2210 secundi
333 2139 627 2235 haeresiarcham,
647 2161 692 2212 cx
723 2146 874 2236 quatuor
906 2137 1101 2237 evangeliis
1134 2163 1243 2213 unum

163 2257 408 2350 composuisse,
434 2257 491 2330 cui
518 2281 647 2330 nomen
674 2257 905 2331 Dialessaron
931 2257 1083 2330 inditum
1109 2268 1173 2332 est.
1200 2259 1244 2331 In

162 2369 227 2442 hoo
243 2395 350 2470 opere
369 2375 447 2472 ipsa
464 2379 575 2451 verba
593 2401 620 2450 s.
634 2377 913 2472 Evangeliorum
930 2383 1095 2451 contenta
1124 2379 1244 2470 luisse,

160 2510 206 2560 ex
235 2492 354 2566 verbis
385 2493 532 2570 Eusebii
550 2503 585 2568 et
616 2495 841 2590 Theodoreti,
859 2496 1049 2594 praecipue
1081 2519 1164 2570 vero
1199 2517 1245 2567 ex

162 2611 420 2705 comparatione
437 2637 516 2687 cum
537 2613 797 2688 Concordantia
814 2615 1079 2712 evangeliorum
1097 2615 1141 2688 ab
1159 2614 1245 2686 Am·

162 2727 278 2798 monio
296 2732 454 2808 confecta
467 2733 560 2808 clare
579 2733 702 2830 liquet.
720 2733 814 2806 Dein
829 2757 875 2806 ex
892 2733 1011 2808 verbis
1033 2730 1245 2806 Theodoreti

162 2843 338 2940 discimus,
357 2853 394 2924 in
420 2851 651 2926 Diatessaron
676 2851 816 2925 Tatiani
845 2851 1072 2948 genealogias
1100 2857 1136 2920 et
1161 2849 1244 2921 reli-

153 2987 242 3060 1qua,
261 2989 351 3062 quae
369 2967 558 3040 Dominum
577 2993 622 3040 ex
646 2959 783 3041 ¹semine
815 2967 932 3040 David
950 2964 1141 3040 secundum
1168 2987 1246 3038 car-

165 3107 244 3156 nem
262 3093 378 3158 ortum
396 3087 650 3180 demonstrant,
670 3087 801 3160 omissa
818 3095 906 3161 ess'e.
937 3087 1038 3160 Idem
1068 3083 1245 3158 Eusebius

36 3273 38 3286 ,
168 3201 324 3274 indicare
347 3202 489 3276 videtur
518 3203 660 3277 dicens:
682 3201 887 3277 “Tatianus
904 3201 1193 3300 compositionem
1211 3206 1247 3272 et

167 3318 420 3415 collectionem,
460 3321 622 3394 nescio
661 3345 747 3418 quo
787 3322 930 3416 modo,
969 3319 1247 3416 Evangeliorum

167 3438 348 3510 contexuit
364 3479 393 3514 a.
438 3437 552 3512 Porro
591 3437 835 3512 Theodoretus
862 3445 897 3510 et
938 3437 1129 3534 scriptores
1166 3439 1248 3534 Syri

163 3553 263 3627 nobis
282 3557 452 3651 referunt,
469 3557 535 3629 hoc
561 3556 702 3630 Tatiani
731 3580 837 3654 opere
863 3578 934 3628 non
965 3554 1059 3628 solos
1085 3554 1247 3628 Encrati·

165 3677 231 3764 tas,
251 3680 367 3746 sectae
387 3675 463 3770 ejus
494 3673 660 3767 asseclas,
680 3673 742 3748 sed
761 3681 797 3746 et
828 3674 1019 3748 catholicae
1036 3674 1119 3746 fidei
1137 3681 1248 3746 secta-

166 3798 270 3886 tores,
289 3791 479 3888 praecipue
510 3779 548 3862 in
579 3789 738 3884 Syriaci
769 3787 1036 3887 Mesopotamia,
1055 3813 1139 3862 usos
1157 3811 1247 3862 esse.

267 3909 366 3997 Quae
383 3907 501 3981 omnia
519 3915 643 3980 exacte
661 3907 874 3980 conveniunt
892 3906 1093 3980 testimonio
1111 3895 1246 4002 Diony·

163 4024 208 4098 sii
226 4025 403 4100 Barsalihi
442 4025 603 4120 dicentis,
622 4050 648 4098 s.
679 4025 921 4123 Ephraemum
950 4024 988 4096 in
1017 4025 1248 4100 Diatessaron

163 4143 306 4218 Tatiani
323 4145 610 4220 commentarium
628 4144 830 4240 confecisse,
850 4144 893 4216 de
913 4167 982 4242 quo
1003 4145 1078 4242 jam
1103 4141 1247 4219 uberius

165 4263 268 4337 nohis
286 4263 529 4339 disserendum
547 4271 612 4339 est.
