3344 5200
373 601 376 611 -
419 589 422 597 ·
459 545 634 630 Pietatem
662 553 764 650 quasi
792 555 907 626 Deum
944 555 1019 628 oole
1036 553 1067 626 ⁴.
1096 553 1192 628 Soito
1228 557 1360 629 bouum
1393 577 1448 628 esa

351 681 402 755 se,
430 663 560 736 bonum
586 659 779 751 laceret
743 663 779 728 et
805 659 1001 778 perpende,
1029 657 1163 730 malum
1192 681 1283 752 esse,
1314 659 1447 754 eogit-

352 787 393 866 re
420 763 570 856 malum;
599 783 832 860 quaeeunque
869 761 964 833 enim
1000 761 1095 856 ongit
1096 783 1146 854 as,
1171 761 1257 834 lieet
1242 767 1363 834 tnon
1395 762 1447 834 fa-

352 861 445 960 nias,
482 874 602 938 tamen
635 864 749 958 mola,
777 887 868 960 quae
904 863 1060 958 cogitas,
1088 864 1189 960 quasi
1225 863 1368 938 oharaot
1352 870 1448 938 teres

349 971 468 1072 animo
498 976 558 1040 ιιιο
586 968 851 1064 imprimuntur,
886 969 1012 1040 sedet
997 967 1156 1084 timago
1182 969 1357 1042 bonorum
1379 967 1454 1041 tibi

293 1091 302 1106 ·
351 1069 525 1192 inseripta
551 1079 680 1144 manet.
717 1069 834 1142 Homo
861 1073 974 1143 bonus
1001 1071 1104 1165 quasi
1138 1093 1240 1142 mens
1275 1069 1346 1142 Dei
1376 1077 1446 1164 est,

351 1177 423 1248 e't'
412 1182 467 1249 mt
452 1175 575 1247 ttelleo
560 1182 617 1246 tus
653 1197 783 1247 aroana
808 1173 1000 1290 inquirens·
1020 1173 1195 1269 propheta
1221 1173 1359 1246 osteis
1386 1125 1447 1290 qui

353 1279 433 1376 ipso
461 1279 633 1394 indigent.
674 1276 745 1364 Qui
770 1277 897 1348 reliota
876 1276 1056 1350 averitat
1005 1276 1148 1347 tatead
1186 1277 1341 1371 speeiem
1371 1276 1448 1371 ejus

352 1381 496 1477 refugit,
471 1379 620 1452 t'hoo
610 1403 727 1475 rpsum
754 1379 932 1474 refugium
959 1403 1037 1451 eum
1059 1378 1206 1450 mortit
1190 1379 1318 1452 ttrade
1346 1378 1451 1452 Divi-¹

248 1575 251 1582 .
351 1483 434 1577 tias,¹
468 1507 556 1580 quae
593 1504 804 1555 conservare
840 1505 912 1554 non
946 1488 1009 1578 pot
1010 1505 1060 1575 es,
1088 1505 1110 1552 a
1140 1481 1217 1556 Deo
1251 1505 1297 1554 ue
1332 1483 1451 1578 petas,

300 1627 304 1632 -
351 1587 448 1681 quia
462 1585 556 1669 dona
574 1585 642 1657 Dei
660 1609 731 1657 non
757 1585 923 1657 auferunt
909 1592 978 1657 tur.
1004 1585 1135 1656 Exere
1161 1584 1314 1659 animam
1336 1593 1448 1680 tuam,

350 1697 390 1760 ut
418 1688 593 1785 sapientia
611 1687 644 1760 ei
670 1687 784 1760 indita
812 1711 854 1760 ea
880 1709 970 1783 quae
994 1687 1104 1782 digna
1132 1697 1226 1781 sunt,
1253 1711 1447 1784 eognosoas

350 1800 387 1862 et
414 1792 530 1865 libera
546 1791 742 1883 voluntate,
761 1813 832 1886 qua
858 1790 922 1862 illa
947 1790 1070 1885 pollet,
1089 1792 1326 1886 quodeunque¹
1342 1815 1449 1888 praa-¹

350 1902 493 1990 ceptum
523 1894 724 1988 est,‘faoias
740 1892 765 1964 ².
793 1893 896 1981 Quod
922 1893 963 1964 fit
991 1893 1043 1964 ad
1069 1901 1223 1966 mentem
1260 1893 1447 1990 malorum,

231 2058 233 2062 ,
349 1997 417 2069 boo
444 2021 510 2093 per
547 2021 585 2070 se
621 1993 724 2094 pejus
761 2005 815 2067 est
841 1995 925 2068 illis.
953 1997 1096 2090 Verba,
1128 2021 1218 2092 quae
1253 2020 1325 2069 non
1362 2003 1446 2070 eunt

352 2107 489 2192 saneta,
513 2123 585 2174 vox
612 2107 695 2172 sunt
721 2105 757 2170 et
783 2100 932 2173 sonitus.
958 2099 1168 2173 Verbosites
1194 2100 1350 2196 puocatis
1373 2121 1445 2174 non

302 2241 304 2248 ·
350 2210 460 2296 earet,
487 2197 591 2274 multi
619 2225 801 2276 sermones
828 2201 998 2274 indioium
1026 2211 1109 2275 sunt
1142 2203 1302 2276 defeotus
1329 2205 1444 2277 oonsi-

274 2355 275 2359 =
350 2306 399 2376 lii·
419 2311 455 2376 et
482 2305 701 2401 disciplinae.
728 2303 915 2374 Platonem
939 2303 1024 2376 sooii
1052 2305 1127 2399 sui,
1155 2307 1312 2379 Socratis
1339 2306 1444 2379 disoi-

350 2409 439 2504 puli,
467 2407 745 2502 interrogarunt,
773 2405 858 2502 quid
885 2430 931 2478 ex
958 2407 1060 2481 bonis
1095 2408 1341 2506 praecelleret.
1366 2409 1446 2502 ,Qui

347 2511 467 2592 dixit:
495 2509 657 2584 Primum
684 2517 740 2583 est
776 2509 970 2605 sapientia,
998 2511 1163 2606 quoniam
1194 2511 1446 2609 reliquae'res'

350 2614 571 2707 auferuntur,
587 2624 623 2685 et
634 2613 748 2686 cuivis
765 2613 818 2685 rei
832 2614 902 2686 alia
920 2637 978 2684 res
993 2613 1222 2688 adversatur:
1241 2615 1445 2711 opulentiae

345 2723 551 2814 paupertas,
578 2717 691 2790 amori
708 2739 815 2808 mors,
835 2711 970 2810 gloria'e
990 2717 1191 2810 aemulatio,
1210 2719 1330 2792 robori
1347 2743 1442 2804 mor·

343 2821 421 2892 bus.
449 2819 643 2916 Opulentia
669 2825 788 2892 autem
814 2818 944 2890 mentis
974 2819 1191 2916 sempiterna
1219 2828 1275 2893 est
1283 2847 1291 2916 3
1310 2821 1441 2894 divites

343 2920 548 2996 consolatur
575 2925 612 2996 in
639 2923 820 2996 laboribus
853 2922 1078 3016 divitiarum,
1105 2946 1282 3020 pauperes
1319 2925 1437 3000 suble·

341 3029 411 3099 vat
430 3034 466 3100 et
491 3051 513 3100 a
539 3027 726 3100 desideriis
754 3025 925 3119 egestatis
951 3025 1092 3118 liberat,
1115 3027 1275 3100 seniores
1301 3028 1439 3100 confor-

343 3135 407 3224 tat,
426 3152 558 3228 pueros
577 3131 725 3202 oonsilio
743 3128 837 3223 regit
856 3137 892 3200 et
903 3129 1130 3224 juventutem
1158 3129 1309 3226 mitigat.
1340 3132 1445 3204 Non·

344 3257 549 3331 numquam,
569 3233 837 3307 occurrentibus
864 3233 1168 3326 tribulationibus,
1185 3233 1287 3329 quasi
1313 3233 1350 3305 in
1376 3257 1439 3306 na

346 3337 444 3433 tigio
471 3343 646 3429 uersatur,
674 3337 758 3432 quia
783 3335 898 3408 virtus
926 3344 992 3429 est,
1020 3359 1110 3432 quae
1138 3337 1257 3408 omnia
1284 3343 1440 3434 superat.

449 3441 584 3512 Faoilia
610 3440 782 3530 Domine,
809 3461 900 3532 quae
934 3438 1037 3512 nubis
1073 3439 1243 3533 difficilia,
1264 3446 1307 3511 et
1328 3462 1443 3536 expe-

347 3542 432 3658 dita,
451 3567 542 3660 quae
560 3541 663 3614 nobis
689 3540 935 3638 impossibilia,
963 3541 1054 3614 siout
1080 3541 1157 3638 ipse
1185 3567 1249 3616 suo
1277 3542 1444 3639 exemplo

345 3644 383 3725 in
401 3645 525 3740 primo
553 3646 685 3722 advent
686 3669 710 3716 ιι
735 3667 800 3716 nos
829 3643 968 3734 doouit,
998 3643 1059 3740 qui
1085 3645 1154 3716 fuit
1179 3644 1218 3718 in
1243 3642 1444 3720 humilitate

348 3747 539 3844 etplenus
575 3747 722 3844 gratiae.
751 3747 799 3819 Et
784 3753 882 3818 ttos
867 3747 982 3818 tendit
968 3747 1126 3841 tuobis,
1154 3750 1325 3846 majorem
1361 3770 1457 3838 esso,

343 3871 532 3926 numerum
549 3850 761 3950 petitionum
787 3856 869 3923 nost
871 3872 1002 3944 rarum,
1021 3875 1127 3948 quam
1145 3875 1211 3924 nos
1238 3851 1340 3925 effari
1357 3873 1440 3950 pos-

425 4163 458 4215 l.·
472 4159 577 4217 Verba
596 4158 722 4216 Auobor
745 4157 789 4216 sie
813 4157 930 4216 reddit:
943 4156 1099 4216 Pudorem
1122 4157 1206 4250 time,
1222 4158 1303 4217 siout
1325 4157 1437 4218 Deum

345 4236 382 4293 In
398 4237 463 4294 eod.
479 4238 503 4294 Β
517 4239 592 4295 haee
605 4237 711 4311 verba,
726 4239 758 4294 et
772 4253 851 4312 quae
865 4253 963 4312 usque
979 4253 1048 4313 pag.
1060 4238 1128 4308 251,
1143 4235 1196 4294 lin.
1207 4239 1247 4296 28
1261 4240 1444 4314 sequuntur,

346 4314 377 4372 h
394 4315 412 4371 l.
429 4315 549 4389 desunt,
562 4319 598 4375 et
611 4315 650 4374 ad
664 4315 799 4390 finemp.
811 4316 868 4373 258
884 4315 1008 4392 adjeeta
1029 4319 1109 4374 suut.
1121 4277 1310 4392 ltontextus
1326 4331 1444 4376 sormo-

345 4393 393 4452 uis
407 4393 506 4452 ordini
523 4357 637 4453 obdieis
652 4394 680 4454 A
693 4392 787 4467 favet.

426 4489 457 4546 2,
477 4487 548 4547 Sir
540 4497 571 4551 ιιι
587 4484 655 4549 eod
667 4489 703 4548 B.
717 4485 755 4546 In
770 4482 837 4547 eod
851 4483 991 4546 Aialso
986 4503 1075 4564 pro
1057 4484 1159 4563 apest
1172 4511 1222 4561 πμ,
1297 4495 1305 4512 ²
