3344 5200
1202 463 1204 472 ,
1232 383 1301 454 aco

191 518 193 522 '
311 509 459 584 Porro
485 509 521 582 id
539 507 633 602 fecit,
652 515 692 581 ut
710 510 926 605 ostenderet,
949 533 1032 584 suos
1058 511 1219 587 inimicos
1237 535 1303 610 po-

206 619 373 688 testatem
390 637 462 688 non
478 612 647 686 habuisse
672 636 799 686 manus
825 615 863 687 in
886 638 968 686 eum
994 613 1180 689 inferendi.
1198 615 1312 693 Ami·'

206 717 258 791 cis
275 723 392 790 autem
423 717 499 813 ejus
525 715 677 788 facultas
705 723 760 788 est
789 717 860 789 alio
887 717 990 789 modo
1018 718 1063 790 ad
1091 741 1172 793 eum
1199 741 1300 792 aoce-

206 820 325 914 dendi,
344 808 513 896 videlicet
530 818 568 890 in
594 842 714 892 amore
742 825 778 890 et
804 820 943 892 timore.
963 820 1033 910 Qui
1059 837 1168 917 quum
1195 820 1299 919 quasi

206 923 365 1020 passioni
383 947 464 996 curn
484 921 705 1016 submittant,
723 923 889 1017 quoniam
908 947 1001 1017 eum,
1015 947 1077 996 seu
1096 949 1298 999 sacramen-

205 1033 281 1100 tum
300 1027 458 1124 corporis
477 1025 565 1122 ejus,
582 1024 806 1119 manducant,
827 1026 893 1099 hos
919 1025 1173 1101 manducantes
1192 1029 1299 1102 simul

206 1129 320 1221 docet,
335 1139 376 1202 ut
392 1129 510 1226 ipsum
527 1126 709 1198 imitantes
727 1149 876 1224 corpora
894 1153 958 1202 sua
973 1129 1131 1225 passioni
1149 1131 1298 1206 submit·

204 1239 294 1327 tant,
312 1239 349 1306 et
366 1231 470 1305 sicuti
487 1231 563 1326 ipse
577 1253 643 1324 per
660 1232 864 1325 passionem
883 1255 983 1304 suam
1001 1256 1062 1306 eos
1080 1233 1299 1332 laetificavit,

204 1335 256 1408 ita
274 1342 310 1408 et
328 1335 398 1432 ipsi
417 1357 481 1408 sua
500 1333 667 1430 passione
694 1355 775 1408 eum
801 1333 1004 1408 laetificent.
1031 1338 1216 1410 Rursus
1244 1337 1299 1410 di·

204 1445 300 1532 cunt,
319 1437 456 1512 Mariae
472 1461 552 1509 eum
570 1441 719 1532 tangere
737 1461 809 1508 non
826 1437 982 1530 licuisse,
996 1440 1081 1534 quia
1097 1463 1298 1514 sacramen-

204 1547 278 1614 tum
315 1539 473 1638 corporis
512 1546 548 1611 et
584 1538 768 1635 sanguinis
791 1541 881 1638 ejus
917 1564 988 1612 non
1024 1549 1230 1638 acceperat,
1257 1551 1300 1617 ut

205 1643 409 1741 exemplum
446 1651 681 1740 proponeret,
709 1642 802 1738 quod
829 1667 902 1716 non
933 1643 1048 1716 solum
1083 1644 1229 1740 inimici,
1255 1653 1298 1720 ut

204 1747 329 1842 Judas,
349 1747 412 1820 sed
430 1755 467 1828 et
484 1744 539 1818 illi
556 1745 671 1840 amici,
690 1745 751 1844 qui
769 1769 841 1817 non
859 1753 943 1819 sunt
967 1747 1146 1843 obsignati
1160 1748 1185 1842 ¹,
1205 1748 1297 1823 sicut

205 1849 340 1944 Maria,
376 1850 422 1922 ad
456 1847 668 1944 mysterium
695 1849 772 1944 ejus
798 1872 870 1920 non
896 1849 1116 1924 accederent.
1147 1851 1298 1926 Porro

204 1953 289 2048 quia
313 1955 392 2027 Eva
417 1951 643 2026 extendendo
669 1975 814 2026 manum
850 1975 978 2050 corpus
1005 1953 1159 2028 hominis
1176 1954 1294 2044 ,mort'

206 2057 405 2152 subjecerat
423 2061 459 2127 et
477 2056 640 2127 omnibus
659 2053 840 2128 doloribus
858 2055 1112 2152 cumulaverat,
1125 2057 1206 2130 ideo
1223 2057 1298 2131 Do·

202 2158 318 2232 minus
337 2157 474 2230 Mariae
504 2181 575 2230 non
604 2158 789 2248 concessit,
811 2164 852 2230 ut
877 2159 922 2231 ad
951 2181 1080 2258 corpus
1107 2183 1211 2234 suum
1238 2184 1296 2234 ac·

203 2262 356 2354 cederet,
375 2261 438 2334 sed
464 2284 592 2356 corpus
610 2261 706 2333 istud
725 2260 780 2333 illi
804 2263 950 2336 brachio
974 2263 1182 2359 reservavit,
1200 2265 1295 2360 quod

203 2363 240 2436 id
257 2363 341 2436 lecit
359 2363 483 2437 sedere
502 2365 547 2436 ad
566 2363 730 2437 dextram
751 2389 863 2458 suam,
882 2373 917 2438 et
934 2365 990 2438 illi
1007 2367 1140 2458 manui,
1153 2391 1244 2464 quae
1258 2367 1295 2440 id
1384 2367 1389 2379 “

202 2473 283 2563 post
301 2467 554 2538 exaltationem
573 2467 669 2538 omni
686 2466 906 2539 beatitudine
925 2467 1120 2540 cumulavit
1134 2467 1161 2541 ².

308 2568 402 2641 Dein
420 2569 504 2662 quia
521 2569 638 2641 Maria
655 2569 842 2661 dubitavit,
861 2570 1003 2665 quando
1021 2569 1194 2666 audierat,
1212 2591 1294 2644 eum
1371 2596 1375 2604 ·

203 2671 417 2765 surrexisse,
431 2677 467 2744 et
483 2671 582 2744 venit
600 2678 636 2743 et
649 2671 740 2743 vidit
759 2694 840 2744 curn
860 2681 895 2744 et
913 2673 1028 2746 dixit:
1052 2674 1100 2747 Si
1125 2681 1174 2748 tu
1201 2698 1296 2748 sus·

203 2775 371 2848 tulisti
397 2798 516 2868 eum,
543 2774 623 2847 ideo
650 2775 717 2847 hoc
744 2773 855 2868 dixit,
875 2783 915 2849 ut
941 2776 975 2849 ei
1004 2777 1228 2872 ostenderet,
1255 2801 1294 2850 se

202 2877 1296 2975 uereresurrexisse.AdPatremmeumegoascen·

202 2981 267 3075 do,
293 2982 422 3077 quibus
441 2980 562 3054 verbis
575 3005 652 3054 non
669 2981 810 3075 asserit,
827 2981 933 3077 quod,
951 3006 1060 3079 quum
1077 2983 1123 3056 ad
1148 2983 1295 3058 Patrem

202 3084 372 3174 ascendit,
392 3083 436 3155 ad
456 3106 537 3156 eum
555 3107 625 3156 non
646 3084 910 3178 accedant,'sed
928 3085 1012 3180 quia
1028 3085 1092 3158 illa
1110 3083 1296 3162 dubitave-

201 3194 268 3281 rat,
287 3187 380 3260 dixit
397 3186 441 3258 ad
471 3210 571 3259 eam:
591 3187 714 3258 Donec
740 3188 892 3262 ascendo
919 3188 964 3260 ad
990 3189 1137 3262 Patrem
1163 3213 1294 3282 meum,

200 3313 271 3363 non
298 3289 444 3363 accedes
473 3290 518 3362 ad
544 3315 614 3379 me,
640 3289 821 3364 utillud:
848 3291 961 3364 Tuam
991 3291 1104 3389 ipsius
1139 3291 1295 3366 animam

200 3392 433 3491 pertransibit
451 3391 592 3488 gladius
606 3391 634 3488 ³,
652 3393 674 3465 i.
690 3417 720 3466 e.
740 3393 941 3488 denegatio.
960 3396 1133 3469 Attamen
1154 3395 1185 3468 si
1201 3395 1294 3490 ideo,

200 3495 346 3592 quiade
372 3495 635 3570 resurreetione
661 3497 738 3593 ejus
756 3496 943 3593 dubitavit,
971 3522 1049 3572 eam
1076 3499 1229 3592 arcebat,
1247 3523 1295 3572 nc

202 3600 320 3696 ipsum
347 3605 524 3692 tangeret,
553 3622 633 3672 ecce
659 3607 696 3672 et
721 3599 877 3674 Thomas
905 3599 1082 3676 dubitavit
1108 3607 1145 3674 et
1174 3601 1296 3698 tetigit

202 3725 282 3775 eum
299 3702 307 3773 t
327 3700 398 3774 Sed
425 3701 492 3774 hoo
509 3701 694 3780 dicemus:
714 3704 814 3776 Sicut
839 3705 1069 3801 praedixerat
1086 3729 1187 3780 suam
1212 3717 1294 3802 pae-

283 3980 308 4034 1.
330 3977 510 4052 obsignatio
518 3979 548 4036 h.
558 3980 785 4058 hconjungitur
800 3999 868 4040 eum
882 3981 1062 4057 acceptioue
1079 3978 1296 4050 eucharistiae,

195 4055 284 4130 ¹quod
297 4055 337 4114 ad
347 4056 438 4114 ritum
449 4057 650 4118 Orientalium
666 4063 796 4136 spectat,
808 4059 860 4134 qui
873 4059 1091 4119 eucharistiam
1106 4059 1209 4119 statim
1222 4061 1295 4134 post

203 4133 387 4210 baptismum
402 4134 601 4220 distribuunt.

281 4215 309 4270 2.
330 4214 380 4271 Ad
393 4215 522 4272 verbum
535 4236 542 4274 :
557 4231 570 4263 α
584 4213 745 4275 coronavit
757 4244 784 4276 s.
795 4214 909 4274 Sensus
922 4217 986 4274 est:
999 4213 1139 4274 Christus
1152 4231 1215 4274 non
1224 4230 1294 4289 per·

201 4288 285 4348 misit
298 4292 383 4368 tangi
400 4311 512 4370 corpus
527 4311 625 4369 suum,
641 4295 805 4370 antequam
830 4293 984 4354 clevatum
999 4296 1084 4352 esset
1098 4293 1137 4353 ad
1161 4292 1293 4370 coelum,

202 4367 256 4428 ubi
269 4385 288 4426 a
300 4366 396 4430 Patro
411 4370 509 4445 gloria
523 4376 704 4433 coronatum
721 4375 779 4428 est.

280 4451 310 4506 3.
332 4447 404 4508 Luc.
419 4451 448 4522 2,
460 4450 508 4508 35.
525 4451 639 4514 Confer
654 4450 794 4530 superius
806 4467 873 4526 pag.
885 4452 923 4511 29
938 4449 1094 4512 adnotata.
