3344 5200
234 509 354 604 ‚simus
366 511 392 608 ¹,
409 510 498 610 quia
511 534 616 594 aures
637 536 720 588 suas
751 521 786 588 et
804 512 897 588 dona
924 537 989 589 sua
1015 513 1060 586 ad
1080 535 1151 604 nos.
1167 510 1334 607 demittit,

238 615 283 688 ad
302 623 460 690 nostram
479 615 676 712 respiciens
693 617 927 692 voluntatem.
955 615 1059 706 Quod
1083 615 1178 688 enirn
1196 639 1269 688 non
1287 618 1332 689 ob

160 763 167 772 ·
239 718 481 794 multarerba
497 720 600 794 nobis
619 743 661 792 ea
687 744 778 815 quae
795 721 961 817 petimus,
990 719 1240 812 concedantur,
1269 719 1334 790 sed

239 821 334 917 quod
352 823 505 896 amando
523 819 685 896 omnibus
702 824 880 896 thesauris
902 823 1092 919 potiamur,
1110 821 1212 895 nobis
1239 823 1335 912 clare

238 925 418 1020 indicavit,
445 923 587 1021 quando
622 949 688 998 nos
716 949 737 996 a
768 925 901 1000 Scribis
923 933 959 1000 et
984 925 1189 998 Pharisaeis
1224 923 1335 1021 jussit

239 1049 377 1122 cavere,
408 1029 470 1124 qui
496 1028 740 1126 producebant
766 1030 989 1128 precationes
1020 1039 1058 1100 et
1091 1028 1333 1102 extendebant

237 1131 435 1212 avaritiam.
453 1131 501 1204 Et
513 1131 722 1204 misericors
749 1139 897 1228 propter
917 1155 956 1204 se
976 1131 1096 1228 ipsum
1117 1154 1182 1204 nos
1200 1130 1333 1222 docuit,

227 1233 305 1306 'etsi
323 1258 388 1308 nos
406 1241 597 1328 taceamus,
615 1257 740 1331 preces
763 1242 905 1310 nostras
932 1235 1024 1330 apud
1046 1257 1127 1306 eum
1154 1234 1333 1330 conscrip-

234 1341 292 1421 tas
311 1361 389 1410 esse
404 1337 430 1408 ².
450 1338 504 1412 Ob
522 1361 637 1432 pauca
655 1339 766 1412 verba
776 1337 988 1434 justificavit
1014 1337 1190 1412 Dominus
1215 1335 1336 1432 publi·

236 1461 364 1514 canum
382 1447 419 1512 et
436 1463 518 1512 cum
535 1439 641 1514 laude
660 1440 816 1514 filiorum
844 1441 1065 1534 coelestium,
1084 1441 1128 1512 de
1147 1439 1335 1536 poeniten·

236 1541 331 1616 tibus
349 1543 595 1640 gaudentium,
612 1567 693 1616 eum
721 1543 937 1618 descendere
964 1544 1059 1616 fecit.
1076 1545 1160 1616 Vox
1179 1542 1255 1639 ejus
1273 1541 1338 1618 ad-

235 1647 376 1745 vocavit
402 1645 601 1720 Zachaeum
619 1653 655 1720 et
680 1669 792 1720 sonus
818 1647 925 1744 hujus
951 1647 1048 1720 vocis
1076 1644 1245 1722 incorde
1269 1643 1334 1734 Za-

237 1749 338 1822 chaei
355 1749 458 1845 quasi
485 1749 673 1846 coagulum
693 1749 825 1824 factum
845 1756 911 1845 est,
939 1773 1091 1846 eumque
1110 1747 1156 1821 de
1181 1745 1336 1820 ficulnea

238 1858 274 1922 et
290 1875 420 1926 arcane
440 1853 547 1926 etiam
567 1853 611 1926 de
630 1852 798 1949 operibus
816 1855 894 1950 ejus
913 1853 1077 1928 deduxit.
1086 1853 1172 1924 Vox
1189 1849 1339 1922 Domini

236 1955 429 2028 terminum
443 1955 563 2052 posuit
582 1955 739 2053 peccatis
758 1956 868 2050 illius,
883 1955 1173 2055 eujus'injustiti'a
1189 1953 1335 2028 modum

236 2069 309 2132 non'
326 2067 485 2134 noverat.
505 2058 680 2134 Dominus
708 2059 955 2134 miserationes
982 2083 1066 2132 suas
1094 2081 1202 2156 super
1221 2055 1335 2130 filium

238 2159 376 2246 Timaei
393 2162 545 2256 vocavit,
562 2185 673 2257 quum
691 2162 768 2258 ejus
796 2163 1033 2258 indigentiam
1050 2161 1211 2254 vidisset,
1229 2165 1265 2232 et
1282 2158 1357 2234 inu

238 2268 293 2336 ter
322 2263 527 2360 frequentes
558 2263 657 2338 illius
702 2288 806 2338 voces
842 2265 964 2362 angeli
1004 2287 1198 2363 praecones
1234 2269 1338 2334 erant

230 2365 366 2464 auxilii
383 2369 471 2466 ejus.
488 2370 547 2442 Ita
564 2375 600 2441 et
618 2367 747 2442 mulier
765 2370 959 2465 peccatrix,
979 2393 1070 2465 quae
1092 2367 1171 2464 ipsa
1196 2389 1261 2463 per
1279 2388 1336 2458 re·

237 2470 368 2564 media,
387 2495 478 2567 quae
506 2470 671 2566 sumpsit,
688 2471 763 2544 suis
780 2471 989 2546 vulneribus
1014 2469 1150 2542 mederi
1175 2475 1338 2540 tentave-

241 2577 308 2667 rat,
338 2573 385 2646 ad
416 2595 509 2664 eum,
542 2573 600 2646 oui
631 2571 751 2644 omnia
781 2579 865 2646 sunt
894 2573 1022 2668 facilia,
1049 2571 1160 2666 venit,
1192 2577 1247 2664 ut,
1275 2569 1338 2666 qui

233 2675 358 2750 ,omnia
388 2674 540 2750 vulnera
570 2683 684 2768 saum,
712 2675 875 2749 omnibus
907 2675 1021 2750 modis
1053 2675 1194 2749 veniam
1235 2697 1336 2748 suam

238 2777 467 2854 immisceret.

342 2881 412 2956 Hic
429 2888 495 2977 est,
509 2881 571 2978 qui
584 2887 679 2954 amat
690 2881 820 2978 justos,
834 2889 871 2954 et
884 2881 1073 2956 miseretur
1087 2885 1311 2977 peccatorum
1325 2902 1334 2972 ;

238 2983 297 3058 hio
314 2991 380 3078 est,
398 2987 460 3081 qui
480 2985 654 3081 justificat
680 2987 791 3060 bonos
818 2992 855 3056 et
872 2992 997 3060 contra
1022 2983 1136 3058 malos
1164 2979 1332 3056 defendit.

240 3085 396 3184 Propter
417 3089 535 3184 justos
571 3085 635 3160 et⁵
665 3111 731 3184 pro
763 3088 1027 3184 poenitentibus
1058 3087 1264 3178 contendit,
1299 3091 1335 3155 et

241 3213 350 3285 quum
377 3191 456 3285 illi,
483 3189 544 3286 qui
572 3190 738 3286 inopere
770 3197 1099 3288 perseveraverant,
1122 3189 1166 3261 de
1198 3186 1333 3278 otiosis,

241 3292 302 3388 qui
320 3294 483 3368 mercede
501 3299 538 3365 et
555 3317 627 3366 non
644 3294 812 3396 operibus
837 3294 888 3366 eis
915 3293 1082 3390 aequales
1100 3291 1214 3365 habiti
1241 3295 1343 3382 sunt,

215 3402 514 3490 murmurarent,
542 3398 662 3490 verba,
690 3421 781 3493 quae
808 3403 933 3470 contra
959 3420 1020 3469 eos
1046 3395 1108 3491 qui
1133 3393 1335 3467 misericor-

239 3497 334 3571 diam
360 3500 515 3575 assecuti
542 3507 645 3594 sunt,
673 3499 768 3572 dicta
795 3507 917 3594 erant,
941 3499 1090 3574 retorsit
1115 3498 1151 3570 in
1185 3521 1245 3570 eos
1272 3493 1335 3590 qui

237 3603 438 3676 mercedem
464 3610 688 3700 acceperunt,
716 3603 768 3675 eis
794 3603 997 3697 ostendens,
1026 3599 1168 3674 etiamsi
1194 3598 1333 3673 miseri·

239 3703 395 3778 cordiam
422 3730 494 3779 non
525 3706 673 3802 experti,
694 3713 827 3800 essent,
852 3730 919 3779 nec
945 3706 1101 3780 debitam
1133 3703 1336 3779 mercedem

321 3910 348 3965 l.
369 3909 417 3966 Ad
432 3909 576 3966 verbnm:
594 3925 607 3954 a
624 3909 773 3985 Maj0rem
799 3925 868 3967 esse
891 3925 1051 3968 numerum
1074 3909 1256 3985 petitionum
1279 3923 1332 3962 no-

238 3993 381 4056 strarum,
397 4005 485 4062 quarn
500 4003 556 4044 nos
568 4017 596 4047 n.

318 4068 356 4124 2.·
367 4066 473 4125 Verba
487 4064 602 4123 codicis
616 4065 644 4122 Α
658 4065 785 4122 Aucher
798 4068 841 4124 sic
853 4065 971 4124 reddit:
989 4065 1072 4125 aare
1086 4065 1191 4122 docuit
1205 4080 1261 4120 nos
1277 4061 1330 4116 mi-

239 4143 386 4215 sericors,
400 4160 455 4220 per
469 4142 623 4202 sitentium
637 4142 675 4200 de
692 4159 725 4201 se
739 4143 815 4220 ipso,
831 4145 902 4220 quia
915 4145 991 4203 haec
1013 4143 1129 4220 scripta
1153 4142 1224 4199 sunt
1248 4135 1333 4212 apud·

240 4238 309 4280 eum
321 4253 348 4285 s.
363 4222 481 4282 'I'extus
506 4220 620 4281 codicis
635 4222 660 4278 B
676 4221 855 4280 adverbum
871 4222 915 4280 ita
928 4224 1040 4282 habet:
1068 4221 1131 4277 ant
1154 4217 1259 4278 docuit
1272 4233 1334 4274 nos·
1432 4253 1433 4256 ,

240 4299 415 4360 misericors
429 4302 556 4376 propter
569 4317 603 4357 sc
616 4299 715 4375 ipsum
729 4299 791 4376 (vel
803 4301 841 4360 de
852 4319 886 4360 se
907 4301 997 4378 ipso),
1013 4319 1067 4378 per
1082 4298 1235 4358 silentium
1254 4295 1336 4353 haec

240 4376 321 4454 apud
335 4397 403 4436 curn
419 4379 533 4454 scripta
547 4395 616 4436 esse
626 4391 665 4440 nt
962 4376 965 4382 ’

320 4460 350 4516 3.
373 4456 457 4520 snt„
475 4455 688 4534 explicationis
704 4475 796 4518 causa
809 4458 934 4518 inserui.
