3268 5220
361 499 527 601 cipiendi,
544 523 658 597 neque
684 500 832 572 verbum
858 499 935 596 ejus
961 495 1224 595 praeveniendi,
1243 495 1375 571 restitit
1399 495 1446 592 ei,

362 607 446 704 quia
458 627 698 704 praepropera
711 608 797 676 erat.
814 602 925 676 “Non
942 602 1031 676 mihi
1047 609 1188 698 tempus
1206 624 1323 673 meum
1340 601 1448 674 adve-

362 710 417 782 nit
429 749 458 803 a,
477 710 499 781 i.
519 733 548 782 e.
576 709 828 782 desiderabunt
844 706 965 780 bibere
984 713 1019 778 et
1035 706 1228 800 invenient,
1245 704 1367 778 vinum
1385 706 1447 777 de-

363 813 501 906 fecisse,
529 821 566 886 ct
590 819 675 884 tunc
701 812 843 908 signum
860 809 921 882 fiet
942 810 1201 884 miraculosum.
1223 810 1280 882 Ita
1306 815 1341 880 et
1366 816 1449 906 post

362 917 549 990 victoriam
568 919 612 990 ab
627 940 668 988 ec
687 916 730 988 dc
744 915 866 987 inferis
880 921 1096 1012 reportatam
1109 937 1218 1009 quum
1235 919 1349 985 mater
1367 935 1448 985 eum

362 1020 513 1114 videret,
533 1045 604 1118 qua
621 1027 735 1094 mater
758 1043 838 1090 eum
864 1016 1062 1115 amplexari
1087 1017 1200 1090 voluit
1215 1016 1240 1089 ¹.
1266 1017 1314 1090 Et
1338 1041 1448 1113 quum

363 1123 480 1197 Maria
496 1150 609 1220 usque
628 1125 673 1197 ad
691 1145 831 1196 crucem
849 1145 930 1195 eum
948 1129 1097 1217 sequuta
1113 1128 1218 1215 esset,
1246 1144 1292 1194 ex
1309 1120 1371 1192 illo
1389 1119 1449 1192 die

366 1251 445 1300 eam
461 1228 588 1302 Ioanni
604 1228 753 1302 tradidit
771 1227 911 1298 dicens:
929 1225 1107 1298 “Muliert
1122 1247 1200 1296 ecce
1218 1225 1313 1298 filius
1326 1231 1407 1296 tuus
1415 1263 1448 1321 ῃ,

367 1337 403 1404 et
414 1331 557 1428 juveni:
575 1334 693 1406 “Ecce
707 1338 821 1404 mater
838 1337 900 1402 tna
912 1369 941 1422 a,
955 1329 1082 1425 quibus
1096 1328 1215 1402 verbis
1228 1329 1357 1401 iterum
1370 1349 1449 1400 eam

365 1432 559 1532 prohibuit,
592 1460 637 1508 ne
664 1437 781 1533 ipsum
807 1433 973 1531 proprius
1000 1435 1193 1528 accederet,
1220 1432 1303 1531 quia
1330 1431 1450 1504 dixit:

364 1539 507 1613 Exinde
523 1541 675 1613 Ioannes
693 1546 748 1614 est
764 1538 859 1611 fihus
877 1545 959 1610 tuus
973 1535 999 1610 Ξ.

468 1642 587 1731 Quare
605 1643 779 1716 Dominus
805 1645 849 1716 ab
866 1641 967 1713 initio
986 1663 1130 1714 suorum
1147 1639 1329 1738 signorum
1346 1646 1449 1713 natu·

364 1769 442 1821 ram
467 1769 580 1842 aquae
607 1744 811 1820 convertit?
837 1747 889 1819 Ut
918 1744 1187 1838 demonstraret,
1214 1744 1448 1838 divinitatem,

363 1874 454 1946 quae
471 1855 636 1923 naturam
652 1849 690 1922 in
706 1848 845 1947 hydriis
858 1852 1096 1943 convertebat,
1110 1849 1217 1921 etiam
1228 1858 1392 1922 naturam
1408 1849 1447 1920 in

363 1961 465 2028 utero
482 1953 634 2048 virginis
652 1960 820 2047 mutasse,
846 1953 938 2025 siout
955 1958 991 2024 et
1008 1953 1045 2024 in
1061 1953 1132 2024 fine
1159 1976 1302 2025 sucrum
1329 1953 1448 2048 signo-

364 2083 446 2131 rum
462 2057 651 2154 scpulchra
665 2057 817 2154 aperuit,
834 2063 874 2128 ut
891 2056 1135 2148 demostraret,
1153 2057 1279 2128 mortis
1297 2055 1447 2130 avidita-

363 2167 437 2235 tem
454 2161 625 2235 adversus
651 2160 769 2257 ipsum
785 2184 857 2233 ncn
873 2160 1090 2256 praevalere.
1117 2161 1314 2256 Utramque
1341 2183 1447 2255 gran-

363 2265 445 2338 dem
471 2264 788 2358 commutationem,
805 2265 844 2336 in
861 2263 1046 2336 nativitate
1073 2263 1208 2336 scilicet
1226 2271 1261 2336 et
1278 2265 1316 2336 in
1331 2268 1445 2335 morte

364 2392 440 2464 sua,
453 2368 655 2464 obsignavit
668 2374 703 2440 et
716 2367 946 2460 confirmavit,
964 2367 1103 2463 quando
1117 2392 1219 2464 aqua,
1236 2392 1326 2464 quae
1338 2367 1446 2464 juxta

364 2496 464 2546 suam
473 2479 636 2562 naturam
645 2472 683 2544 in
692 2472 764 2543 vite
775 2470 1038 2543 conversionem
1048 2472 1198 2566 suhit,in
1208 2472 1358 2569 lapideis
1371 2470 1446 2543 illis

362 2575 512 2674 hydriis,
525 2583 653 2649 natura
661 2575 750 2648 nihil
761 2575 972 2668 conferente,
985 2577 1266 2670 convertebatur,
1281 2573 1448 2673 quemad-

363 2681 507 2753 modum
524 2704 605 2752 caro
622 2679 735 2776 ipsius
755 2677 967 2751 mirabiliter
994 2677 1032 2750 in
1057 2678 1197 2774 virgine
1224 2685 1393 2776 concepta
1410 2684 1446 2750 et

363 2784 467 2856 modo
493 2783 693 2858 admirabili
717 2782 756 2854 in
781 2782 922 2878 virgine
949 2781 1024 2855 sine
1050 2783 1128 2855 viro
1155 2789 1274 2857 creata
1300 2791 1364 2856 est.
1387 2783 1446 2854 Ex

364 2911 457 2986 aqua
482 2911 567 2984 ergo
592 2887 676 2960 fecit
699 2886 833 2980 vinum,
856 2893 897 2959 ut
912 2886 1075 2958 omnibus
1092 2887 1334 2983 persuaderet,
1360 2909 1447 2984 quo-

362 2992 466 3064 modo
484 2991 664 3089 conceptio
677 2998 713 3064 et
723 2990 891 3064 nativitas
910 3014 973 3062 sua
989 2991 1081 3063 facta
1097 2997 1200 3066 esset.
1215 2992 1287 3065 Sex
1299 2990 1447 3089 hydrias

331 3131 333 3136 ·
363 3095 504 3169 vocavit
520 3095 559 3168 in
575 3095 815 3168 testimoninm
832 3094 936 3166 unius
949 3093 1112 3190 virginis,
1131 3118 1221 3191 quae
1240 3119 1320 3185 eum
1338 3117 1446 3193 pepe-

366 3198 425 3271 rit.
443 3199 605 3296 Hydriae
619 3223 712 3271 nova
737 3198 885 3289 ratione,
903 3220 974 3270 non
991 3222 1088 3270 more
1108 3222 1183 3289 suo,
1210 3203 1447 3296 conceperunt

367 3307 405 3374 et
429 3309 646 3400 pepererunt
671 3303 794 3376 vinum
816 3301 1017 3399 etamplius
1044 3327 1116 3375 non
1140 3309 1365 3400 pepererunt.
1390 3302 1449 3376 Ita

366 3405 527 3502 concepit
543 3405 657 3502 Virgo
671 3411 707 3478 et
719 3405 859 3502 peperit
874 3405 1141 3478 Emmanuelem
1155 3413 1190 3478 et
1208 3407 1360 3504 amplius
1377 3430 1449 3479 non

252 3585 254 3591 ,
365 3510 516 3606 peperit.
529 3509 660 3582 Partus
677 3508 885 3606 hydriarum
899 3531 945 3580 ex
962 3511 1084 3605 paucis
1101 3511 1140 3584 in
1156 3509 1279 3605 multa,
1293 3535 1339 3584 ex
1356 3510 1449 3584 indi·

366 3613 488 3709 gentia
504 3613 542 3685 in
559 3613 820 3709 abundantiam,
835 3637 881 3685 ex
897 3635 996 3685 mera
1008 3638 1099 3710 aqua
1112 3615 1150 3686 in
1162 3614 1284 3687 vinum
1297 3617 1448 3709 bonum;

366 3724 424 3817 ast
440 3717 479 3790 in
496 3715 613 3791 Maria
629 3725 817 3815 conceptus
835 3717 942 3790 fiebat
960 3740 1005 3790 ex
1019 3718 1234 3792 abundantia
1246 3717 1284 3792 in
1297 3741 1449 3816 pauper-

368 3826 490 3916 tatem,
517 3845 563 3894 ex
589 3820 704 3918 gloria
720 3821 758 3894 in
774 3821 1014 3918 ignominiam.
1042 3821 1182 3896 Rursus
1199 3821 1283 3894 illae
1300 3823 1449 3920 hydriae

368 3923 471 4022 quasi
484 3925 601 3999 fontes
619 3931 731 4022 erant,
744 3927 806 4024 qui
821 3925 1102 4028 purificationem
1118 3925 1331 4000 Iudaeorum
1348 3949 1451 4024 prae·

369 4235 381 4296 l
451 4161 478 4218 1.
497 4159 598 4251 Maria
607 4164 706 4254 mater
717 4160 833 4220 Christi
852 4161 915 4220 h.1.
931 4159 1126 4252 confunditur
1140 4177 1208 4219 cum
1222 4159 1318 4220 Maria
1328 4159 1453 4238 Magda-

290 4325 291 4328 ’
381 4240 1009 4396 ‘enahlltsdaaerddddrldulldhlddhlilahlltdhdm
1025 4335 1113 4376 suum
1128 4317 1212 4376 cruci
1225 4315 1351 4378 affixum
1366 4319 1451 4378 adire

372 4398 404 4452 et
417 4397 559 4474 amplecti
577 4399 723 4470 voluisse,
744 4417 763 4457 a
783 4417 843 4477 quc
863 4417 918 4476 per
938 4399 1066 4458 verbum
1080 4397 1204 4473 Christi,
1224 4397 1335 4457 Ioanni
1354 4399 1453 4475 ipsam
1513 4450 1517 4461 .

371 4473 533 4557 tradentis,
546 4475 750 4541 detinebatur.
1254 4495 1256 4500 ’
