3330 5200
376 361 477 462 rar

378 492 417 565 Si
436 491 598 565 enimed
629 489 823 589 potentiam
855 511 956 562 suem
987 487 1160 564 miracula
1188 511 1334 566 mensus
1364 495 1477 584 esset,

379 616 489 668 nemo
501 594 841 690 possetaestimare‚
860 598 1029 688 quantam
1048 593 1234 666 victoriam
1250 594 1365 666 virtus
1391 591 1477 690 ejus

379 704 590 792 reportaret
609 700 681 772 Ars
703 697 780 794 ejus
799 695 845 767 ad
862 697 990 768 famem
1018 694 1161 768 illorum
1186 694 1340 770 millium
1356 695 1475 791 homi-¹

381 823 467 872 num
478 807 692 873 mensurata
708 805 774 891 est,
788 803 895 894 quam
911 821 1082 872 numerus
1100 799 1285 872 duodecim
1303 797 1475 896 cophino·

379 923 459 976 rum
479 902 697 1000 superavitl.
717 901 829 998 Apud
852 923 977 972 omnes
1001 899 1155 974 artifices
1172 901 1389 976 desiderium
1414 901 1475 972 ine

379 1005 577 1100 digentium
608 1005 721 1101 major
751 1009 826 1098 est,
857 1025 963 1098 quam
993 1002 1138 1076 illorum
1168 1005 1343 1100 potentia,
1374 1004 1471 1100 quia,

378 1115 546 1204 quantum
580 1108 782 1203 indigentes
818 1105 1041 1200 desiderant,
1068 1107 1222 1180 artifices
1260 1107 1378 1180 faeere
1405 1129 1470 1178 ne-

379 1217 524 1306 queunt.
543 1211 614 1285 Sed
631 1211 763 1283 creatio
782 1205 923 1284 Christi
939 1209 1051 1305 major
1069 1217 1124 1282 est
1141 1209 1359 1305 indigentiis.
1373 1205 1471 1284 Rur-

379 1335 441 1384 sus
477 1313 593 1388 dixit:
634 1311 874 1407 Colligite
912 1309 1184 1406 fragmenta
1209 1335 1393 1404 coenae,
1420 1335 1468 1384 ne

378 1415 465 1511 quid
484 1438 531 1489 ex
557 1417 608 1489 eis
626 1423 763 1515 pereat,
782 1421 820 1487 et
837 1435 882 1486 nc
900 1413 1057 1508 credent,
1076 1414 1122 1486 ad
1149 1414 1303 1512 speciem
1329 1421 1469 1488 tantum

379 1541 461 1590 eum
478 1519 545 1591 hoc
562 1519 699 1592 iecisse.
713 1517 806 1590 Cum
819 1517 913 1590 enim
930 1517 1132 1612 fragmenta
1142 1541 1252 1592 unum
1270 1518 1470 1592 alterumve

377 1619 470 1692 diem
498 1621 807 1712 conservaverim,
835 1619 887 1692 eis
912 1642 1125 1717 persuasum
1158 1619 1248 1714 erit,
1273 1618 1468 1694 Dominum

375 1723 442 1796 hoc
458 1746 543 1797 vere
560 1723 699 1817 iecisse,
716 1745 784 1796 uec
799 1745 933 1794 vanum
955 1723 1111 1797 adfuisse
1128 1722 1258 1796 visum.

384 1859 387 1868 ⁴
479 1827 596 1915 Quum
624 1827 743 1901 satiati
769 1831 889 1898 essent
919 1832 956 1898 ct
981 1825 1171 1918 vidissent,
1196 1826 1287 1900 siout
1312 1823 1493 1920 Moysen·

374 1925 449 2000 suis
467 1929 643 2025 precibus
661 1930 712 2002 ite
728 1927 922 2002 Dominum
940 1951 1004 2000 sua
1020 1929 1182 2026 potentis
1196 1928 1328 2026 populo
1345 1927 1468 2000 eibum
1515 2024 1517 2027 Ι

372 2033 620 2126 praeparasse,
639 2039 833 2129 coeperunt
851 2029 1005 2104 clamare
1023 2038 1059 2103 et
1077 2032 1221 2104 dicere:
1239 2033 1361 2106 Vere
1387 2029 1467 2102 hie

373 2142 448 2204 est
473 2135 718 2232 propheta,
738 2133 791 2208 de
819 2155 907 2230 quo
933 2133 1110 2208 dictum
1136 2141 1334 2228 ceterum
1359 2155 1465 2207 ven·

375 2243 527 2308 turum
557 2259 661 2309 esse
688 2237 736 2310 in
761 2235 989 2330 mundum,
1010 2237 1138 2332 quihus
1163 2237 1283 2312 verbis
1309 2235 1464 2332 Moysen

369 2337 527 2411 eitarunt
552 2339 746 2413 dicentem:
776 2338 1028 2434 “Prophetam
1054 2339 1240 2413 suscitabit
1263 2337 1364 2413 vobis
1389 2337 1464 2410 Do·

370 2439 518 2514 minus²
535 2481 566 2534 s,
583 2464 654 2514 non
671 2443 903 2540 impotentem
921 2440 1089 2536 aliquem,
1108 2443 1171 2516 sed
1198 2441 1269 2515 mei
1296 2440 1463 2534 similem,

369 2543 441 2640 qui.
459 2543 602 2616 satiabit
618 2569 682 2619 vos
709 2545 860 2642 panibus
878 2543 917 2616 in
943 2543 1096 2617 deserto.
1125 2567 1140 2602 s
1157 2543 1233 2618 Mei
1259 2543 1411 2618 similem
1429 2581 1459 2635 s,

369 2646 431 2718 ait.
458 2647 573 2743 Super
600 2671 700 2721 mare
725 2646 931 2739 ambulavit,
959 2645 998 2718 in
1022 2649 1117 2720 nube
1144 2648 1321 2745 apparuit,
1346 2644 1461 2719 eccle·
1511 2685 1515 2692 ·

370 2749 459 2838 siam
479 2773 579 2822 suam
598 2773 620 2822 a
636 2750 718 2846 lege
736 2749 1013 2824 circumcisionis
1031 2749 1137 2824 solvit
1150 2759 1187 2822 et
1204 2753 1374 2824 Ioannem
1386 2749 1465 2824 vir·

369 2851 490 2946 ginem
510 2876 575 2950 pro
593 2853 714 2948 decue,
732 2853 805 2926 filio
822 2851 911 2924 Nun
918 2853 1044 2925 ducem
1057 2852 1128 2932 Dei
1143 2853 1339 2946 constituit,
1355 2853 1460 2948 eique
1489 2847 1492 2854 ⁴

367 2952 728 3046 Mariam‚ecelesiam
748 2955 987 3050 suam‚dedit;
1006 2955 1098 3028 sicut
1110 2953 1254 3052 Moyses
1271 2956 1382 3029 Josue
1394 2977 1460 3052 po-
1567 2956 1570 2962 '

366 3057 492 3152 pulum
510 3059 669 3153 dederat,
680 3066 727 3132 ‘ut
744 3057 967 3155 impleretur,
984 3057 1078 3156 quod
1096 3057 1231 3131 dietum
1258 3065 1334 3132 est:
1353 3079 1370 3115 c
1386 3055 1458 3130 mei

366 3158 563 3234 similems.
1369 3206 1371 3210 ·
1425 3199 1426 3202 ¹

367 3301 369 3308 ·
451 3263 525 3334 *Et
551 3287 649 3336 eum
676 3265 732 3338 ad
758 3285 1009 3360 vesperam
1045 3272 1174 3338 essct
1205 3265 1320 3356 dies,
1350 3286 1457 3338 sur·

365 3371 598 3439 rexerunt
653 3365 882 3462 discipuli
927 3373 972 3438 et
1019 3369 1339 3442 ascenderunt
1385 3389 1457 3439 na-¹

363 3487 474 3559 vem,
514 3474 564 3540 ut
600 3467 809 3541 irentin
849 3467 1189 3566 Gapharnaum,
1227 3470 1457 3544 Dominus

362 3574 516 3640 autem
543 3571 767 3644 ascendit
793 3570 841 3643 in
875 3578 1087 3667 montem,
1113 3580 1162 3646 ut
1188 3571 1319 3647 solus
1357 3595 1455 3646 ora·

361 3669 581 3766 ret'(Mrrn.
600 3674 655 3768 14,
669 3674 806 3767 23-33).
829 3673 961 3768 “Eece
980 3677 1041 3769 sit,
1060 3700 1168 3774 super
1188 3684 1326 3750 montes
1343 3677 1456 3772 pedes

361 3773 642 3869 evangelizantis
657 3776 673 3823 ⁵
687 3816 715 3850 s.
736 3776 824 3866 Quis
843 3777 911 3850 iste
931 3779 988 3868 sit,
1005 3779 1084 3874 ipse
1112 3779 1269 3876 explicat
1294 3779 1454 3852 addens:

362 3875 710 3974 «Quievangelizar
727 3903 852 3976 pacem
865 3919 892 3955 s.
914 3879 1009 3953 Cui?
1023 3881 1210 3956 Gentibus.
1231 3905 1247 3940 s
1267 3881 1456 3978 Loquutus

437 4110 463 4165 1.
485 4108 522 4166 Id
537 4112 604 4168 est:
619 4110 687 4169 Non
710 4110 809 4171 solum
829 4111 940 4170 famem
965 4130 1071 4173 eorum
1088 4111 1236 4189 explevit,
1247 4110 1302 4170 scd
1324 4109 1450 4186 insuper

358 4185 522 4244 duodecim
547 4189 696 4264 cophinos
721 4207 831 4265 panum
846 4189 929 4262 lecit,
953 4189 1005 4267 qui
1021 4191 1093 4267 post
1116 4191 1259 4250 satiatam
1283 4186 1452 4248 multitudi-

352 4264 649 4329 nemremanebant.

407 4389 411 4400 .
430 4345 459 4402 2.
482 4343 702 4418 Dnur.18‚18.

430 4425 460 4479 3.
482 4421 562 4480 Nes·
580 4423 674 4496 1,1t.
