3330 5200
1229 387 1298 458 175

204 518 293 606 erat,
311 511 375 584 sed
395 508 581 600 dissimilis
598 459 785 584 retributio
804 517 887 606 post
905 479 1055 585 mortem
1073 511 1211 586 Lazari.
1238 515 1298 588 Ad

203 639 309 711 quem
327 614 412 686 olim
430 637 475 686 ne
494 613 589 687 servi
606 615 750 709 quidem
781 614 951 686 accedere
969 615 1171 708 voluerunt,
1190 616 1221 688 is
1239 641 1298 690 su·
1330 627 1335 642 '

203 742 269 814 per
299 718 445 792 brachia
471 717 682 812 angelorum
702 715 976 810 glorificabatur.
1009 718 1102 806 Quia
1133 719 1233 794 dives
1260 721 1298 796 in

204 821 307 893 domo
319 820 508 894 sua'locum
523 822 637 892 einon
647 819 756 914 dedit,
771 819 869 894 sinus
883 822 1088 894 Abrahame
1104 829 1181 894 erat
1198 825 1298 898 locus

202 924 332 1020 quietis
353 923 440 1020 ejus.
468 924 600 997 Divitis
619 923 754 1020 duplex
782 929 859 996 erat
887 923 1112 1020 supplicium,
1130 926 1298 1021 primum,

201 1028 286 1121 quia
310 1027 387 1122 ipse
415 1027 648 1118 cruciabatur,
671 1027 764 1120 dein,
783 1025 867 1123 quia
892 1026 1070 1099 Lazarum
1097 1028 1134 1100 in
1161 1021 1299 1104 laetitia

203 1129 359 1202 videbat.
386 1129 561 1202 Dominus
589 1129 791 1203 sacerdotes
817 1129 941 1226 populi
967 1131 1186 1225 comparavit
1216 1155 1297 1206 cum

161 1287 168 1304 ,
204 1231 313 1306 divite
340 1256 502 1329 purpura
519 1231 655 1328 induto,
673 1257 742 1327 quo
761 1255 865 1306 nemo
892 1240 969 1306 erat
1000 1233 1171 1328 nobilior,
1191 1234 1297 1310 disci·

202 1336 306 1430 pulos
324 1358 409 1408 vero
429 1335 572 1408 crucis*
595 1335 814 1432 compararit
830 1335 980 1430 Lazaro,
999 1358 1067 1431 quo
1086 1334 1190 1410 nemo
1221 1346 1299 1426 erat

184 1435 451 1512 miserabilior.
470 1441 611 1513 Nomen
638 1439 831 1512 amicorum
851 1463 995 1512 suorum
1013 1463 1079 1535 per
1105 1441 1297 1537 Lazarum,

200 1543 351 1631 amicum
384 1565 489 1614 suum
515 1541 695 1636 dilectum,
725 1541 926 1638 designavit
958 1549 994 1614 et
1020 1539 1152 1616 'nomen
1177 1544 1296 1618 inimi·

201 1665 321 1716 corum
350 1667 495 1718 suorum
508 1643 622 1718 voluit
639 1645 809 1738 indicare,
828 1668 908 1718 cum
931 1646 1087 1719 diceret:
1107 1649 1154 1721 si
1180 1647 1297 1744 Moy·

201 1771 284 1821 sen
310 1754 354 1822 et
379 1747 650 1844 Prophetas
676 1772 765 1820 non
793 1748 994 1821 audiunt
1013 1757 1078 1822 etc.
1097 1751 1181 1823 Non
1208 1774 1296 1846 crgo

201 1849 269 1944 illi,
297 1851 358 1946 qui
375 1851 512 1945 vivunt,
528 1851 602 1926 vivi
629 1859 723 1944 sunt,
742 1851 892 1946 necilli,
911 1853 973 1948 qui
1000 1853 1145 1949 sepulti,
1166 1855 1297 1928 mortui

201 1960 296 2026 sunt.

306 2055 505 2130 Considera
530 2056 669 2154 itaque:
698 2058 927 2154 Quantopere
954 2057 1016 2130 ille
1036 2058 1136 2134 dives
1160 2059 1298 2135 deliciis

198 2157 403 2232 demollitus
431 2166 518 2250 erat,
546 2168 731 2256 tantopere
767 2169 892 2258 postea
927 2161 1059 2236 misere
1086 2161 1295 2238 humiliatus

199 2269 265 2354 est,
284 2270 320 2336 et
350 2288 419 2360 quo
451 2263 566 2358 magis
597 2263 757 2338 Lazarus
789 2264 956 2338 miseret
986 2289 1123 2362 pauper
1154 2266 1232 2360 fuit,
1252 2290 1295 2342 eo

199 2366 311 2461 major
329 2374 364 2439 et
383 2368 459 2462 ejus
478 2389 607 2440 corona
634 2367 711 2439 fuit.
731 2370 782 2440 At
800 2391 863 2440 cur
891 2367 1006 2440 solum
1034 2369 1294 2466 Abrahamum,

198 2491 270 2540 non
295 2478 416 2542 autem
443 2477 580 2542 ceteros
601 2471 719 2566 justos
746 2469 847 2564 vidit,
875 2477 911 2541 et
936 2471 1113 2544 Lazarum
1142 2472 1180 2543 in
1213 2473 1295 2550 sinu

199 2573 305 2668 ejus?
323 2575 422 2666 ldeo,
442 2574 526 2670 quia
544 2573 727 2646 Abraham
753 2574 931 2646 beneficus
950 2582 1029 2646 erat
1047 2598 1135 2672 erga
1160 2599 1295 2674 paupe-

197 2699 267 2768 res,
286 2676 416 2750 idcirco
435 2677 553 2772 ipsum
571 2675 671 2768 vidit,
690 2683 730 2748 ut
747 2700 812 2749 nos
827 2677 981 2770 doceret,
1004 2701 1075 2749 non
1094 2703 1172 2752 esse
1191 2680 1294 2756 nobis

197 2780 409 2874 sperandam
435 2778 681 2867 remissionem
699 2779 737 2851 in
755 2781 836 2872 fine,
854 2780 923 2852 nisi
950 2781 1088 2854 fructus
1114 2783 1294 2856 remissio·

197 2883 253 2954 nis
272 2883 310 2954 in
336 2883 438 2956 nobis
465 2888 646 2978 appareat.
675 2881 714 2954 Si
741 2883 835 2954 enim
853 2884 1050 2976 Abraham,
1069 2885 1130 2979 qui
1158 2885 1293 2958 anricus

198 2992 275 3057 erat
292 2986 564 3082 peregrinorum
583 2991 619 3056 et
635 2985 674 3056 in
701 2985 901 3058 Sodomitas
928 2986 1208 3062 misericordiam
1233 3011 1295 3060 ex·
1357 3050 1358 3054 ,

197 3088 323 3182 hibuit,
341 3113 413 3160 non
440 3089 555 3184 potuit
574 3089 649 3185 ejus
667 3088 841 3182 misereri,
861 3113 965 3184 quem
986 3090 1029 3161 de
1057 3089 1194 3164 Lazaro
1222 3115 1294 3164 non

198 3190 401 3285 miserebat,
424 3192 597 3288 quomodo
624 3215 689 3264 nos
717 3192 963 3264 remissionem
992 3216 1137 3290 sperare
1164 3196 1295 3293 poteri-

200 3295 310 3368 mus?
329 3295 409 3368 lltsi
428 3295 522 3367 enim
548 3295 611 3366 ille
639 3296 739 3368 dives
758 3296 1001 3368 Abrahamum
1030 3299 1174 3395 patrem}
1193 3321 1297 3372 suum

197 3407 342 3470 vocaret
357 3405 392 3470 ot
406 3399 588 3472 Abraham
607 3421 688 3498 euru
710 3420 724 3455 a
742 3397 793 3468 fili
806 3399 885 3472 mi„
903 3398 1159 3494 alloqueretur,
1174 3395 1325 3475 tamen*

195 3498 258 3599 hic
278 3526 358 3574 eum
372 3527 444 3580 non
457 3507 598 3598 poterat
614 3502 754 3597 jurare.
773 3500 1021 3596 Memento,
1040 3504 1101 3598 ait,
1120 3505 1198 3578 fili
1224 3505 1294 3598 mi,

200 3606 324 3698 quod
353 3605 589 3700 accepisti
615 3607 736 3677 bona
762 3611 841 3676 tua
868 3605 1032 3678 inrita
1057 3609 1294 3682 tuaetLa-

194 3729 342 3778 zarns
370 3707 616 3779 cruciatus
644 3731 763 3779 suos.

304 3809 368 3880 De
397 3810 721 3900 mercenariis,
755 3833 867 3904 quos
899 3811 1194 3886 conduxerat
1225 3815 1295 3887 do-

200 3911 352 3984 minus
378 3909 576 3985 vineae2
601 3913 716 3984 hora
743 3913 895 3984 tertia
922 3922 967 3986 et
994 3921 1192 3990 sextaet
1224 3941 1296 3990 no·

196 4037 253 4086 na
271 4014 408 4110 (Maru.
425 4016 483 4110 20,
504 4015 615 4109 1-18).
635 4015 754 4102 Quum
772 4015 976 4092 novissimis
994 4019 1080 4091 dare
1104 4021 1294 4116 coepisset,

194 4117 302 4212 primi
329 4118 592 4212 existimarunt,
620 4117 715 4214 quod
742 4117 825 4216 plus
853 4127 978 4194 essent
1005 4123 1196 4220 accepturi,
1230 4123 1294 4196 ille

278 4364 303 4418 1.
326 4427 328 4433 ,
345 4367 377 4420 ta
389 4363 420 4420 in
435 4363 502 4422 eod.
518 4365 553 4423 B.
568 4365 605 4423 In
618 4363 686 4424 cod.
709 4364 731 4422 Α
749 4365 804 4422 “in
821 4383 949 4425 eruces.

274 4441 302 4497 2.
323 4441 471 4502 Nimirum
486 4443 516 4502 in
533 4445 600 4505 cod.
614 4445 639 4502 B
657 4449 705 4504 cst
720 4450 786 4519 mkp
800 4453 946 4522 νῃμψ,
