3344 5200
370 405 442 477 260

295 611 299 616 ,
369 539 509 630 septum
536 532 691 606 introivi.
718 533 938 606 Intrabimus
977 532 1181 630 paradisum
1213 554 1277 628 per
1305 533 1463 606 lanceam

284 717 286 724 y
368 635 553 709 exlatere
588 635 754 730 tino-tam,
781 636 865 732 quia
901 635 1122 734 perdidimus
1159 635 1364 731 paradisum
1398 658 1465 732 per

368 744 500 811 eostam
529 737 704 810 exlatere
731 761 915 834 egressam
931 739 956 811 ¹.
974 737 1067 826 Quia
1092 737 1199 834 ignis,
1226 738 1288 834 qui
1314 740 1466 812 ardebat

367 843 406 914 in
423 842 554 934 Adam,
572 863 618 913 ex
635 840 715 938 ipso
739 839 853 916 latere
873 841 949 937 ejus
975 841 1013 912 in
1041 863 1083 914 eo
1108 849 1362 936 aoeensusest,
1380 841 1463 914 ideo

367 943 462 1018 latus
489 943 591 1016 Adae
628 943 775 1016 secundi
810 951 973 1041 apertum
1000 950 1075 1037 est,
1103 951 1139 1016 et
1174 967 1221 1016 ex
1257 967 1299 1016 eo
1330 943 1464 1018 fluuius

366 1070 539 1143 aquarum
567 1045 666 1139 exiit,
684 1054 725 1118 ut
749 1046 871 1142 ignem
890 1047 991 1120 Adae
1009 1046 1117 1143 primi
1144 1046 1357 1144 extingeret.

294 1143 296 1148 ’
472 1148 566 1238 Quia
586 1171 633 1220 ex
651 1152 826 1243 sanguine
846 1159 902 1222 est
920 1150 1035 1222 omnis
1052 1149 1138 1243 uita,
1153 1150 1243 1222 exiit
1262 1156 1298 1221 et
1316 1150 1463 1246 sanguis

365 1276 431 1348 per
457 1251 737 1324 misericordiam
763 1259 933 1349 tanquam
968 1253 1179 1348 mysterium
1214 1252 1463 1326 vivificationis

365 1349 476 1448 illius,
495 1355 557 1450 qui
575 1355 749 1452 ajustitia
766 1379 916 1452 poenam
934 1356 1061 1428 mortis
1078 1363 1268 1429 meruerat.
1291 1353 1363 1429 Per
1387 1378 1462 1430 me·

366 1459 539 1532 diatorem
568 1457 700 1530 malum
726 1459 822 1552 ignis
848 1460 887 1531 in
915 1459 1118 1532 hominibus
1145 1481 1316 1532 aecensus
1339 1465 1405 1553 est,
1425 1465 1463 1532 et

364 1585 431 1658 per
461 1560 694 1634 mediatorem
724 1561 885 1636 bonum²
908 1585 1020 1658 aquae
1051 1562 1090 1634 in
1120 1585 1181 1634 eos
1212 1561 1459 1656 diffluxerunt,

365 1687 457 1760 quae
487 1664 589 1736 illum
620 1664 741 1758 ignem
773 1665 1017 1756 extinxerunt.
1043 1665 1145 1738 Nihil
1173 1665 1277 1761 pejus
1302 1663 1458 1762 illo,qui

365 1767 554 1864 deceperat
580 1767 770 1859 Adamum,
787 1767 878 1841 nihil
905 1791 943 1840 se
971 1767 1186 1860 laedentem,
1212 1789 1278 1838 neo
1306 1765 1403 1840 ullus
1427 1769 1459 1842 si

364 1869 623 1966 comparandus
650 1877 716 1961 est,
742 1870 813 1942 nisi
838 1871 869 1943 ia
896 1869 958 1965 qui
984 1871 1176 1944 Dominum
1204 1877 1458 1966 postmortem

364 1972 570 2068 perforavit.
596 1971 740 2044 Malitia
767 1996 853 2068 ergo
871 1995 935 2070 per
955 1973 1050 2070 quod
1071 1974 1218 2066 uicerat,
1237 1995 1303 2069 per
1328 1973 1395 2048 hoo
1421 1981 1459 2049 et

364 2076 460 2147 vieta
486 2082 552 2147 est.
577 2075 704 2148 Exivit
731 2075 888 2171 sanguis,
915 2099 985 2171 quo
1011 2100 1076 2150 nos
1094 2101 1116 2150 a
1133 2075 1306 2150 servitute
1331 2078 1459 2152 mortis
1519 2110 1522 2114 ·

363 2177 528 2270 redemit,
556 2177 645 2249 exiit
672 2185 708 2250 et
725 2202 828 2273 aqua,
850 2184 891 2250 ut
917 2202 1040 2264 omnes
1066 2180 1112 2252 ad
1141 2177 1353 2273 sanguinem
1379 2181 1460 2278 ejus

364 2279 589 2353 salutiferum
616 2281 824 2376 aecedentes
852 2282 1061 2354 servitutem
1089 2282 1259 2375 malitiae,
1280 2281 1337 2354 oui
1355 2289 1458 2356 erant

363 2382 525 2479 subjecti,
544 2382 690 2457 abluere
707 2390 864 2482 possent.
884 2383 985 2456 Exiit
1012 2385 1158 2480 sanguis
1187 2391 1223 2457 et
1241 2407 1344 2480 aqua,
1363 2409 1456 2481 quae

361 2485 441 2582 ipsa
461 2493 516 2559 est
544 2486 696 2560 ecelesia
723 2485 870 2578 Christi,
893 2511 1104 2584 supereum
1131 2487 1316 2560 aedificata
1333 2512 1459 2584 quem·
1551 2516 1558 2528 ·

362 2589 553 2662 admodum
571 2611 616 2662 ex
643 2589 757 2662 latere
776 2591 877 2663 Adae
904 2614 996 2664 uxor
1019 2592 1096 2688 ejus
1123 2597 1265 2687 sumpta
1295 2597 1359 2663 eat.
1386 2591 1458 2664 La-

361 2697 420 2764 tus
438 2692 541 2766 Adae
570 2698 626 2764 est
650 2717 744 2766 uxor
775 2693 862 2787 ejus,
882 2699 919 2764 et
949 2695 1096 2790 sanguis
1127 2693 1273 2766 Domini
1304 2694 1458 2768 ecelesia

361 2794 448 2890 ejus.
477 2795 536 2868 Ex
570 2795 684 2868 latere
728 2795 830 2868 Adae
875 2819 970 2868 mors
1006 2805 1042 2870 et
1081 2821 1127 2869 ex
1162 2796 1276 2870 latere
1312 2797 1458 2871 Domini

359 2897 444 2970 vita.
472 2897 578 2972 Oliva
604 2905 660 2971 est
678 2897 857 2990 Christus,
876 2922 922 2970 ex
950 2924 1020 2994 quo
1048 2900 1197 2972 effluunt
1223 2899 1291 2990 lae,
1311 2920 1408 2996 aqua
1421 2907 1459 2974 et

361 3000 490 3074 oleum.
509 3001 774 3097 Lae-parvulis,
793 3025 885 3096 aqua
896 3003 1090 3098 juvenibus
1105 3009 1141 3074 et
1156 3001 1274 3074 oleum
1288 3005 1456 3098 aegrotis.

362 3103 535 3178 Similiter
566 3128 694 3200 aquam
726 3111 763 3175 et
794 3106 1004 3199 sanguinem
1044 3106 1133 3179 haee
1162 3105 1259 3180 oliva
1290 3106 1388 3180 dedit
1418 3109 1456 3180 in

361 3214 476 3280 morte
503 3233 568 3282 sua
581 3207 613 3280 ³.·

465 3310 607 3384 Inuidia
624 3317 843 3406 persequuta
860 3317 914 3382 est
931 3309 1060 3404 David,
1075 3316 1110 3382 et
1128 3310 1248 3384 odium
1266 3317 1303 3384 et
1320 3311 1455 3386 invidia

360 3413 474 3486 filium
491 3412 620 3487 David.
638 3413 878 3487 Obsidebatur
903 3413 1021 3486 David
1036 3412 1075 3484 in
1092 3413 1321 3487 interioribus
1347 3416 1455 3512 antri,

361 3521 399 3586 et
415 3515 510 3588 filius
529 3514 647 3588 David
673 3515 711 3585 in
737 3515 966 3590 interioribus
985 3515 1151 3610 sepulcri.
1170 3515 1287 3590 David
1308 3518 1454 3592 videba-

360 3617 447 3689 turl
467 3618 732 3710 condemnatus,
751 3625 786 3691 et
804 3617 900 3691 filius
928 3617 1042 3690 David
1062 3618 1188 3712 vietus,
1207 3620 1270 3692 sed
1287 3621 1454 3696 oondem·

361 3727 467 3793 natus
494 3727 531 3794 et
555 3727 706 3816 argutus
733 3727 788 3794 est
814 3721 912 3816 Saul,
939 3728 976 3793 et
1005 3719 1100 3793 vieta
1126 3728 1162 3794 et
1191 3722 1373 3798 destructa
1397 3733 1455 3800 est

443 3999 468 4052 l.
490 3995 614 4055 Seilieet
627 4013 682 4074 per
696 3997 802 4058 livam.

439 4076 468 4130 2.
488 4074 638 4134 Nimirum
653 4075 820 4134 Christum.

439 4155 467 4210 3.
489 4153 526 4212 ln
541 4153 646 4212 ood.B
671 4153 720 4212 hio
743 4155 830 4213 loeus
856 4153 899 4212 sio
923 4153 1075 4213 habetur:
1091 4177 1106 4212 u
1124 4154 1271 4218 Similiter
1293 4174 1403 4232 aquam
1419 4159 1452 4213 ot

361 4230 704 4368 :nguinetmptdotlpprp
717 4232 748 4290 in
761 4234 861 4322 morte
884 4232 1059 4370 alpadededig,
1073 4251 1144 4372 ηεξ
1158 4233 1260 4294 oleum
1286 4234 1453 4373 qubuopuean

335 4358 338 4364 ’
359 4327 1107 4526 notsglllslsel‹ffrpstlplulilllldlitidedun
1140 4329 1207 4372 ΕΜ
1225 4332 1304 4375 “³⁰⁸
1327 4330 1417 4374 ω

461 4507 469 4525 .
511 4485 667 4528 rounoo.
708 4508 717 4526 .
1021 4481 1025 4487 “
