<?xml version="1.0" encoding="UTF-8"?>
<!DOCTYPE html PUBLIC "-//W3C//DTD XHTML 1.0 Transitional//EN"
    "http://www.w3.org/TR/xhtml1/DTD/xhtml1-transitional.dtd">
<html xmlns="http://www.w3.org/1999/xhtml" xml:lang="en" lang="en">
 <head>
  <title>
</title>
<meta http-equiv="Content-Type" content="text/html;charset=utf-8" />
  <meta name='ocr-system' content='tesseract 3.04.00' />
  <meta name='ocr-capabilities' content='ocr_page ocr_carea ocr_par ocr_line ocrx_word'/>
</head>
<body>
  <div class='ocr_page' id='page_1' title='image "./evangeliiconcor01msgoog_0060.png"; bbox 0 0 3268 5220; ppageno 0'>
   <div class='ocr_carea' id='block_1_1' title="bbox 1201 383 1244 453">
    <p class='ocr_par' dir='ltr' id='par_1_1' title="bbox 1201 383 1244 453">
     <span class='ocr_line' id='line_1_1' title="bbox 1201 383 1244 453; baseline 0.023 -1"><span class='ocrx_word' id='word_1_1' title='bbox 1201 383 1244 453; x_wconf 83' lang='lat'><strong>39</strong></span> 
     </span>
    </p>
   </div>
   <div class='ocr_carea' id='block_1_2' title="bbox 160 503 1324 3420">
    <p class='ocr_par' dir='ltr' id='par_1_2' title="bbox 160 503 1247 1440">
     <span class='ocr_line' id='line_1_2' title="bbox 162 503 1246 608; baseline -0.003 -25"><span class='ocrx_word' id='word_1_2' title='bbox 162 507 292 608; x_wconf 82' lang='lat' dir='ltr'><strong>pulsat,</strong></span> <span class='ocrx_word' id='word_1_3' title='bbox 315 506 409 581; x_wconf 86' lang='lat' dir='ltr'><strong>sicut</strong></span> <span class='ocrx_word' id='word_1_4' title='bbox 426 514 462 580; x_wconf 90' lang='lat' dir='ltr'><strong>et</strong></span> <span class='ocrx_word' id='word_1_5' title='bbox 480 505 659 603; x_wconf 87' lang='lat' dir='ltr'><strong>scriptura</strong></span> <span class='ocrx_word' id='word_1_6' title='bbox 686 503 783 579; x_wconf 89' lang='lat' dir='ltr'><strong>socia</strong></span> <span class='ocrx_word' id='word_1_7' title='bbox 800 513 855 579; x_wconf 88' lang='lat' dir='ltr'><strong>est</strong></span> <span class='ocrx_word' id='word_1_8' title='bbox 873 507 981 581; x_wconf 87' lang='lat' dir='ltr'><strong>vocis.</strong></span> <span class='ocrx_word' id='word_1_9' title='bbox 1009 507 1131 582; x_wconf 89' lang='lat' dir='ltr'><strong>Unum</strong></span> <span class='ocrx_word' id='word_1_10' title='bbox 1151 507 1246 581; x_wconf 88' lang='lat' dir='ltr'><strong>enim</strong></span> 
     </span>
     <span class='ocr_line' id='line_1_3' title="bbox 164 609 1245 707; baseline 0 -21"><span class='ocrx_word' id='word_1_11' title='bbox 164 612 270 686; x_wconf 74' lang='lat' dir='ltr'><strong>sunt¹</strong></span> <span class='ocrx_word' id='word_1_12' title='bbox 290 613 439 686; x_wconf 86' lang='lat' dir='ltr'><strong>lucerna</strong></span> <span class='ocrx_word' id='word_1_13' title='bbox 456 619 491 684; x_wconf 90' lang='lat' dir='ltr'><strong>et</strong></span> <span class='ocrx_word' id='word_1_14' title='bbox 509 609 639 707; x_wconf 86' lang='lat' dir='ltr'><strong>gallus,</strong></span> <span class='ocrx_word' id='word_1_15' title='bbox 659 610 751 683; x_wconf 92' lang='lat' dir='ltr'><strong>sicut</strong></span> <span class='ocrx_word' id='word_1_16' title='bbox 766 616 802 683; x_wconf 89' lang='lat' dir='ltr'><strong>et</strong></span> <span class='ocrx_word' id='word_1_17' title='bbox 815 609 916 686; x_wconf 85' lang='lat' dir='ltr'><strong>Elias</strong></span> <span class='ocrx_word' id='word_1_18' title='bbox 930 619 966 685; x_wconf 93' lang='lat' dir='ltr'><strong>et</strong></span> <span class='ocrx_word' id='word_1_19' title='bbox 978 613 1143 686; x_wconf 91' lang='lat' dir='ltr'><strong>Ioannes.</strong></span> <span class='ocrx_word' id='word_1_20' title='bbox 1159 612 1245 686; x_wconf 83' lang='lat' dir='ltr'><strong>Gal-</strong></span> 
     </span>
     <span class='ocr_line' id='line_1_4' title="bbox 163 714 1247 813; baseline 0 -23"><span class='ocrx_word' id='word_1_21' title='bbox 163 717 218 790; x_wconf 89' lang='lat' dir='ltr'><strong>lus</strong></span> <span class='ocrx_word' id='word_1_22' title='bbox 235 740 302 790; x_wconf 92' lang='lat' dir='ltr'><strong>sna</strong></span> <span class='ocrx_word' id='word_1_23' title='bbox 317 739 406 790; x_wconf 86' lang='lat' dir='ltr'><strong>voce</strong></span> <span class='ocrx_word' id='word_1_24' title='bbox 428 717 473 789; x_wconf 92' lang='lat' dir='ltr'><strong>ad</strong></span> <span class='ocrx_word' id='word_1_25' title='bbox 491 714 708 788; x_wconf 91' lang='lat' dir='ltr'><strong>audiendum</strong></span> <span class='ocrx_word' id='word_1_26' title='bbox 735 739 801 788; x_wconf 90' lang='lat' dir='ltr'><strong>nos</strong></span> <span class='ocrx_word' id='word_1_27' title='bbox 820 717 965 812; x_wconf 85' lang='lat' dir='ltr'><strong>excitat,</strong></span> <span class='ocrx_word' id='word_1_28' title='bbox 992 723 1028 789; x_wconf 90' lang='lat' dir='ltr'><strong>et</strong></span> <span class='ocrx_word' id='word_1_29' title='bbox 1053 717 1171 813; x_wconf 85' lang='lat' dir='ltr'>imago</span> <span class='ocrx_word' id='word_1_30' title='bbox 1191 723 1247 790; x_wconf 91' lang='lat' dir='ltr'><strong>est</strong></span> 
     </span>
     <span class='ocr_line' id='line_1_5' title="bbox 160 819 1246 918; baseline -0.001 -24"><span class='ocrx_word' id='word_1_31' title='bbox 160 821 258 894; x_wconf 84' lang='lat' dir='ltr'><strong>uocis</strong></span> <span class='ocrx_word' id='word_1_32' title='bbox 269 820 502 895; x_wconf 82' lang='lat' dir='ltr'><strong>Suscitatoris</strong></span> <span class='ocrx_word' id='word_1_33' title='bbox 516 819 650 914; x_wconf 83' lang='lat' dir='ltr'><strong>nostri;</strong></span> <span class='ocrx_word' id='word_1_34' title='bbox 665 827 702 891; x_wconf 89' lang='lat' dir='ltr'><strong>et</strong></span> <span class='ocrx_word' id='word_1_35' title='bbox 714 819 864 893; x_wconf 89' lang='lat' dir='ltr'><strong>lucerna</strong></span> <span class='ocrx_word' id='word_1_36' title='bbox 877 821 1067 918; x_wconf 83' lang='lat' dir='ltr'>splendore</span> <span class='ocrx_word' id='word_1_37' title='bbox 1082 845 1146 895; x_wconf 88' lang='lat' dir='ltr'><strong>suo</strong></span> <span class='ocrx_word' id='word_1_38' title='bbox 1159 821 1246 894; x_wconf 90' lang='lat' dir='ltr'><strong>ima-</strong></span> 
     </span>
     <span class='ocr_line' id='line_1_6' title="bbox 163 922 1245 1022; baseline 0.001 -25"><span class='ocrx_word' id='word_1_39' title='bbox 163 925 285 1021; x_wconf 87' lang='lat' dir='ltr'><strong>ginem</strong></span> <span class='ocrx_word' id='word_1_40' title='bbox 310 925 402 998; x_wconf 89' lang='lat' dir='ltr'><strong>lucis</strong></span> <span class='ocrx_word' id='word_1_41' title='bbox 427 922 688 998; x_wconf 77' lang='lat' dir='ltr'><strong>illuminatoris</strong></span> <span class='ocrx_word' id='word_1_42' title='bbox 715 923 832 997; x_wconf 84' lang='lat' dir='ltr'>nostri</span> <span class='ocrx_word' id='word_1_43' title='bbox 857 925 961 999; x_wconf 91' lang='lat' dir='ltr'><strong>nobis</strong></span> <span class='ocrx_word' id='word_1_44' title='bbox 987 930 1245 1022; x_wconf 88' lang='lat' dir='ltr'><strong>repraesentat.</strong></span> 
     </span>
     <span class='ocr_line' id='line_1_7' title="bbox 162 1027 1247 1126; baseline -0.001 -23"><span class='ocrx_word' id='word_1_45' title='bbox 162 1030 282 1118; x_wconf 80' lang='lat' dir='ltr'>Quare</span> <span class='ocrx_word' id='word_1_46' title='bbox 308 1029 347 1102; x_wconf 91' lang='lat' dir='ltr'><strong>hi</strong></span> <span class='ocrx_word' id='word_1_47' title='bbox 373 1028 443 1101; x_wconf 93' lang='lat' dir='ltr'><strong>duo</strong></span> <span class='ocrx_word' id='word_1_48' title='bbox 467 1027 657 1126; x_wconf 84' lang='lat' dir='ltr'><strong>utrobique</strong></span> <span class='ocrx_word' id='word_1_49' title='bbox 676 1035 965 1126; x_wconf 88' lang='lat' dir='ltr'><strong>compresserunt</strong></span> <span class='ocrx_word' id='word_1_50' title='bbox 984 1027 1183 1103; x_wconf 73' lang='lat' dir='ltr'><strong>tenebras²</strong></span> <span class='ocrx_word' id='word_1_51' title='bbox 1210 1035 1247 1102; x_wconf 85' lang='lat' dir='ltr'><strong>at</strong></span> 
     </span>
     <span class='ocr_line' id='line_1_8' title="bbox 162 1130 1245 1230; baseline 0 -24"><span class='ocrx_word' id='word_1_52' title='bbox 162 1135 281 1230; x_wconf 85' lang='lat' dir='ltr'>imago</span> <span class='ocrx_word' id='word_1_53' title='bbox 301 1139 385 1206; x_wconf 92' lang='lat' dir='ltr'><strong>sunt</strong></span> <span class='ocrx_word' id='word_1_54' title='bbox 401 1132 522 1208; x_wconf 89' lang='lat' dir='ltr'><strong>Patris</strong></span> <span class='ocrx_word' id='word_1_55' title='bbox 537 1139 573 1205; x_wconf 89' lang='lat' dir='ltr'><strong>et</strong></span> <span class='ocrx_word' id='word_1_56' title='bbox 586 1130 683 1226; x_wconf 86' lang='lat' dir='ltr'>Filii,</span> <span class='ocrx_word' id='word_1_57' title='bbox 701 1133 763 1229; x_wconf 92' lang='lat' dir='ltr'><strong>qui</strong></span> <span class='ocrx_word' id='word_1_58' title='bbox 780 1132 1041 1208; x_wconf 87' lang='lat' dir='ltr'><strong>destruxerunt</strong></span> <span class='ocrx_word' id='word_1_59' title='bbox 1059 1131 1245 1226; x_wconf 88' lang='lat' dir='ltr'><strong>malitiam,</strong></span> 
     </span>
     <span class='ocr_line' id='line_1_9' title="bbox 163 1235 1246 1336; baseline -0.001 -25"><span class='ocrx_word' id='word_1_60' title='bbox 163 1245 198 1311; x_wconf 88' lang='lat' dir='ltr'><strong>et</strong></span> <span class='ocrx_word' id='word_1_61' title='bbox 213 1239 336 1333; x_wconf 80' lang='lat' dir='ltr'>imago</span> <span class='ocrx_word' id='word_1_62' title='bbox 353 1235 616 1336; x_wconf 83' lang='lat' dir='ltr'><strong>Prophetarum</strong></span> <span class='ocrx_word' id='word_1_63' title='bbox 634 1242 671 1310; x_wconf 93' lang='lat' dir='ltr'><strong>et</strong></span> <span class='ocrx_word' id='word_1_64' title='bbox 686 1235 954 1336; x_wconf 81' lang='lat' dir='ltr'><strong>Apostolorum,</strong></span> <span class='ocrx_word' id='word_1_65' title='bbox 982 1238 1067 1336; x_wconf 92' lang='lat' dir='ltr'><strong>quia</strong></span> <span class='ocrx_word' id='word_1_66' title='bbox 1084 1262 1131 1312; x_wconf 87' lang='lat' dir='ltr'><strong>ex</strong></span> <span class='ocrx_word' id='word_1_67' title='bbox 1147 1244 1246 1312; x_wconf 89' lang='lat' dir='ltr'><strong>utra-</strong></span> 
     </span>
     <span class='ocr_line' id='line_1_10' title="bbox 162 1341 728 1440; baseline -0.009 -24"><span class='ocrx_word' id='word_1_68' title='bbox 162 1365 230 1440; x_wconf 88' lang='lat' dir='ltr'><strong>que</strong></span> <span class='ocrx_word' id='word_1_69' title='bbox 249 1348 354 1440; x_wconf 88' lang='lat' dir='ltr'><strong>partc</strong></span> <span class='ocrx_word' id='word_1_70' title='bbox 373 1341 485 1416; x_wconf 90' lang='lat' dir='ltr'><strong>solem</strong></span> <span class='ocrx_word' id='word_1_71' title='bbox 503 1341 728 1438; x_wconf 86' lang='lat' dir='ltr'><strong>adjuverunt.</strong></span> 
     </span>
    </p>

    <p class='ocr_par' dir='ltr' id='par_1_3' title="bbox 162 1441 1253 2479">
     <span class='ocr_line' id='line_1_11' title="bbox 267 1441 1248 1542; baseline -0.004 -23"><span class='ocrx_word' id='word_1_72' title='bbox 267 1446 341 1520; x_wconf 82' lang='lat' dir='ltr'><strong>Sed</strong></span> <span class='ocrx_word' id='word_1_73' title='bbox 359 1452 395 1518; x_wconf 89' lang='lat' dir='ltr'><strong>ct</strong></span> <span class='ocrx_word' id='word_1_74' title='bbox 410 1445 587 1540; x_wconf 88' lang='lat' dir='ltr'><strong>intellige,</strong></span> <span class='ocrx_word' id='word_1_75' title='bbox 604 1444 776 1518; x_wconf 91' lang='lat' dir='ltr'><strong>Ioannem</strong></span> <span class='ocrx_word' id='word_1_76' title='bbox 793 1467 900 1541; x_wconf 90' lang='lat' dir='ltr'><strong>quem</strong></span> <span class='ocrx_word' id='word_1_77' title='bbox 917 1444 1031 1518; x_wconf 90' lang='lat' dir='ltr'><strong>facem</strong></span> <span class='ocrx_word' id='word_1_78' title='bbox 1049 1441 1248 1542; x_wconf 84' lang='lat' dir='ltr'><strong>appellavit</strong></span> 
     </span>
     <span class='ocr_line' id='line_1_12' title="bbox 163 1548 1246 1647; baseline -0.001 -26"><span class='ocrx_word' id='word_1_79' title='bbox 163 1549 195 1622; x_wconf 91' lang='lat' dir='ltr'><strong>is</strong></span> <span class='ocrx_word' id='word_1_80' title='bbox 212 1549 277 1646; x_wconf 91' lang='lat' dir='ltr'><strong>qni</strong></span> <span class='ocrx_word' id='word_1_81' title='bbox 295 1573 334 1623; x_wconf 90' lang='lat' dir='ltr'><strong>os</strong></span> <span class='ocrx_word' id='word_1_82' title='bbox 353 1550 430 1647; x_wconf 88' lang='lat' dir='ltr'><strong>ejus</strong></span> <span class='ocrx_word' id='word_1_83' title='bbox 446 1549 651 1622; x_wconf 89' lang='lat' dir='ltr'><strong>flammeum</strong></span> <span class='ocrx_word' id='word_1_84' title='bbox 667 1548 813 1643; x_wconf 87' lang='lat' dir='ltr'><strong>lecerat,</strong></span> <span class='ocrx_word' id='word_1_85' title='bbox 827 1548 1020 1644; x_wconf 83' lang='lat' dir='ltr'>imaginem</span> <span class='ocrx_word' id='word_1_86' title='bbox 1038 1572 1118 1623; x_wconf 87' lang='lat' dir='ltr'><strong>esse</strong></span> <span class='ocrx_word' id='word_1_87' title='bbox 1130 1548 1246 1638; x_wconf 80' lang='lat' dir='ltr'><strong>Elias,</strong></span> 
     </span>
     <span class='ocr_line' id='line_1_13' title="bbox 164 1651 1249 1750; baseline 0 -26"><span class='ocrx_word' id='word_1_88' title='bbox 164 1653 227 1750; x_wconf 93' lang='lat' dir='ltr'><strong>qui</strong></span> <span class='ocrx_word' id='word_1_89' title='bbox 246 1653 373 1750; x_wconf 89' lang='lat' dir='ltr'><strong>lingua</strong></span> <span class='ocrx_word' id='word_1_90' title='bbox 391 1677 457 1727; x_wconf 90' lang='lat' dir='ltr'><strong>sua</strong></span> <span class='ocrx_word' id='word_1_91' title='bbox 473 1653 651 1748; x_wconf 88' lang='lat' dir='ltr'><strong>malignos</strong></span> <span class='ocrx_word' id='word_1_92' title='bbox 669 1653 864 1726; x_wconf 85' lang='lat' dir='ltr'><strong>combussit</strong></span> <span class='ocrx_word' id='word_1_93' title='bbox 881 1661 918 1725; x_wconf 90' lang='lat' dir='ltr'><strong>et</strong></span> <span class='ocrx_word' id='word_1_94' title='bbox 930 1653 1082 1728; x_wconf 91' lang='lat' dir='ltr'><strong>flammis</strong></span> <span class='ocrx_word' id='word_1_95' title='bbox 1099 1653 1173 1726; x_wconf 88' lang='lat' dir='ltr'><strong>oris</strong></span> <span class='ocrx_word' id='word_1_96' title='bbox 1192 1651 1249 1726; x_wconf 88' lang='lat' dir='ltr'><strong>sui</strong></span> 
     </span>
     <span class='ocr_line' id='line_1_14' title="bbox 164 1755 1250 1856; baseline 0 -28"><span class='ocrx_word' id='word_1_97' title='bbox 164 1757 328 1830; x_wconf 88' lang='lat' dir='ltr'><strong>siccitate</strong></span> <span class='ocrx_word' id='word_1_98' title='bbox 347 1764 383 1830; x_wconf 89' lang='lat' dir='ltr'><strong>et</strong></span> <span class='ocrx_word' id='word_1_99' title='bbox 399 1758 462 1831; x_wconf 89' lang='lat' dir='ltr'><strong>siti</strong></span> <span class='ocrx_word' id='word_1_100' title='bbox 478 1755 631 1854; x_wconf 74' lang='lat' dir='ltr'><strong>punivit.</strong></span> <span class='ocrx_word' id='word_1_101' title='bbox 650 1755 792 1830; x_wconf 85' lang='lat' dir='ltr'><strong>Rursus</strong></span> <span class='ocrx_word' id='word_1_102' title='bbox 810 1755 941 1852; x_wconf 87' lang='lat' dir='ltr'><strong>gallus,</strong></span> <span class='ocrx_word' id='word_1_103' title='bbox 968 1757 1086 1856; x_wconf 93' lang='lat' dir='ltr'><strong>quiin</strong></span> <span class='ocrx_word' id='word_1_104' title='bbox 1103 1755 1250 1831; x_wconf 90' lang='lat' dir='ltr'><strong>silentio</strong></span> 
     </span>
     <span class='ocr_line' id='line_1_15' title="bbox 163 1860 1253 1957; baseline 0 -24"><span class='ocrx_word' id='word_1_105' title='bbox 163 1861 282 1934; x_wconf 90' lang='lat' dir='ltr'><strong>noctis</strong></span> <span class='ocrx_word' id='word_1_106' title='bbox 301 1868 432 1956; x_wconf 86' lang='lat' dir='ltr'><strong>cantat,</strong></span> <span class='ocrx_word' id='word_1_107' title='bbox 444 1861 563 1957; x_wconf 86' lang='lat' dir='ltr'>imago</span> <span class='ocrx_word' id='word_1_108' title='bbox 579 1867 634 1934; x_wconf 86' lang='lat' dir='ltr'><strong>est</strong></span> <span class='ocrx_word' id='word_1_109' title='bbox 646 1860 804 1955; x_wconf 87' lang='lat' dir='ltr'><strong>Ioannis,</strong></span> <span class='ocrx_word' id='word_1_110' title='bbox 822 1860 936 1957; x_wconf 93' lang='lat' dir='ltr'><strong>quiin</strong></span> <span class='ocrx_word' id='word_1_111' title='bbox 950 1861 1093 1935; x_wconf 91' lang='lat' dir='ltr'><strong>silentio</strong></span> <span class='ocrx_word' id='word_1_112' title='bbox 1112 1861 1253 1935; x_wconf 82' lang='lat' dir='ltr'><strong>deserti·</strong></span> 
     </span>
     <span class='ocr_line' id='line_1_16' title="bbox 162 1964 1248 2064; baseline 0.002 -26"><span class='ocrx_word' id='word_1_113' title='bbox 162 1965 396 2061; x_wconf 85' lang='lat' dir='ltr'><strong>praedicauit.</strong></span> <span class='ocrx_word' id='word_1_114' title='bbox 414 1966 466 2040; x_wconf 82' lang='lat' dir='ltr'><strong>At</strong></span> <span class='ocrx_word' id='word_1_115' title='bbox 492 1965 524 2038; x_wconf 89' lang='lat' dir='ltr'><strong>si</strong></span> <span class='ocrx_word' id='word_1_116' title='bbox 537 1964 701 2038; x_wconf 61' lang='lat' dir='ltr'><strong>⁴lucerna</strong></span> <span class='ocrx_word' id='word_1_117' title='bbox 717 1971 877 2062; x_wconf 90' lang='lat' dir='ltr'><strong>tempore</strong></span> <span class='ocrx_word' id='word_1_118' title='bbox 896 1966 1103 2064; x_wconf 88' lang='lat' dir='ltr'><strong>vespertino</strong></span> <span class='ocrx_word' id='word_1_119' title='bbox 1120 1989 1248 2064; x_wconf 87' lang='lat' dir='ltr'><strong>appor-</strong></span> 
     </span>
     <span class='ocr_line' id='line_1_17' title="bbox 162 2067 1248 2167; baseline 0 -25"><span class='ocrx_word' id='word_1_120' title='bbox 162 2075 274 2163; x_wconf 87' lang='lat' dir='ltr'><strong>tatur,</strong></span> <span class='ocrx_word' id='word_1_121' title='bbox 293 2070 423 2166; x_wconf 87' lang='lat' dir='ltr'><strong>gallus,</strong></span> <span class='ocrx_word' id='word_1_122' title='bbox 442 2067 505 2167; x_wconf 93' lang='lat' dir='ltr'><strong>qui</strong></span> <span class='ocrx_word' id='word_1_123' title='bbox 522 2068 743 2142; x_wconf 88' lang='lat' dir='ltr'><strong>solummodo</strong></span> <span class='ocrx_word' id='word_1_124' title='bbox 756 2093 860 2142; x_wconf 89' lang='lat' dir='ltr'><strong>mane</strong></span> <span class='ocrx_word' id='word_1_125' title='bbox 875 2076 1006 2166; x_wconf 83' lang='lat' dir='ltr'><strong>cantat,</strong></span> <span class='ocrx_word' id='word_1_126' title='bbox 1024 2093 1105 2144; x_wconf 89' lang='lat' dir='ltr'><strong>cum</strong></span> <span class='ocrx_word' id='word_1_127' title='bbox 1119 2093 1248 2143; x_wconf 89' lang='lat' dir='ltr'><strong>canon</strong></span> 
     </span>
     <span class='ocr_line' id='line_1_18' title="bbox 162 2172 1249 2248; baseline 0.001 -3"><span class='ocrx_word' id='word_1_128' title='bbox 162 2172 358 2248; x_wconf 83' lang='lat' dir='ltr'><strong>invenitur.</strong></span> <span class='ocrx_word' id='word_1_129' title='bbox 370 2173 509 2248; x_wconf 87' lang='lat' dir='ltr'><strong>Verum</strong></span> <span class='ocrx_word' id='word_1_130' title='bbox 522 2172 560 2245; x_wconf 93' lang='lat' dir='ltr'><strong>in</strong></span> <span class='ocrx_word' id='word_1_131' title='bbox 573 2173 708 2248; x_wconf 83' lang='lat' dir='ltr'><strong>Ioanne</strong></span> <span class='ocrx_word' id='word_1_132' title='bbox 725 2195 807 2246; x_wconf 93' lang='lat' dir='ltr'><strong>cum</strong></span> <span class='ocrx_word' id='word_1_133' title='bbox 826 2197 912 2248; x_wconf 84' lang='lat' dir='ltr'><strong>voce</strong></span> <span class='ocrx_word' id='word_1_134' title='bbox 930 2173 1080 2248; x_wconf 91' lang='lat' dir='ltr'><strong>diluculi</strong></span> <span class='ocrx_word' id='word_1_135' title='bbox 1101 2173 1249 2248; x_wconf 85' lang='lat' dir='ltr'><strong>inventa</strong></span> 
     </span>
     <span class='ocr_line' id='line_1_19' title="bbox 162 2275 1249 2377; baseline 0.003 -28"><span class='ocrx_word' id='word_1_136' title='bbox 162 2285 222 2350; x_wconf 88' lang='lat' dir='ltr'><strong>est</strong></span> <span class='ocrx_word' id='word_1_137' title='bbox 237 2279 386 2352; x_wconf 88' lang='lat' dir='ltr'><strong>lucerna</strong></span> <span class='ocrx_word' id='word_1_138' title='bbox 401 2277 610 2374; x_wconf 86' lang='lat' dir='ltr'><strong>vespertina</strong></span> <span class='ocrx_word' id='word_1_139' title='bbox 621 2275 650 2371; x_wconf 75' lang='lat'><strong>³,</strong></span> <span class='ocrx_word' id='word_1_140' title='bbox 667 2282 707 2349; x_wconf 92' lang='lat' dir='ltr'><strong>ut</strong></span> <span class='ocrx_word' id='word_1_141' title='bbox 725 2277 769 2350; x_wconf 85' lang='lat' dir='ltr'><strong>dc</strong></span> <span class='ocrx_word' id='word_1_142' title='bbox 787 2277 890 2351; x_wconf 82' lang='lat' dir='ltr'><strong>Eliae</strong></span> <span class='ocrx_word' id='word_1_143' title='bbox 909 2277 1078 2372; x_wconf 84' lang='lat' dir='ltr'><strong>adventu,</strong></span> <span class='ocrx_word' id='word_1_144' title='bbox 1092 2278 1154 2377; x_wconf 93' lang='lat' dir='ltr'><strong>qui</strong></span> <span class='ocrx_word' id='word_1_145' title='bbox 1174 2301 1249 2352; x_wconf 88' lang='lat' dir='ltr'><strong>rno-</strong></span> 
     </span>
     <span class='ocr_line' id='line_1_20' title="bbox 163 2381 1035 2479; baseline 0.003 -25"><span class='ocrx_word' id='word_1_146' title='bbox 163 2381 211 2454; x_wconf 96' lang='lat' dir='ltr'><strong>do</strong></span> <span class='ocrx_word' id='word_1_147' title='bbox 229 2383 442 2479; x_wconf 80' lang='lat' dir='ltr'><strong>mysterioso</strong></span> <span class='ocrx_word' id='word_1_148' title='bbox 458 2383 498 2454; x_wconf 94' lang='lat' dir='ltr'><strong>in</strong></span> <span class='ocrx_word' id='word_1_149' title='bbox 513 2382 648 2455; x_wconf 85' lang='lat' dir='ltr'><strong>Ioanne</strong></span> <span class='ocrx_word' id='word_1_150' title='bbox 667 2382 798 2474; x_wconf 85' lang='lat' dir='ltr'><strong>evenit,</strong></span> <span class='ocrx_word' id='word_1_151' title='bbox 815 2381 1035 2457; x_wconf 88' lang='lat' dir='ltr'><strong>testificaret.</strong></span> 
     </span>
    </p>

    <p class='ocr_par' dir='ltr' id='par_1_4' title="bbox 163 2485 1324 3420">
     <span class='ocr_line' id='line_1_21' title="bbox 271 2485 1251 2585; baseline 0 -25"><span class='ocrx_word' id='word_1_152' title='bbox 271 2487 426 2560; x_wconf 90' lang='lat' dir='ltr'><strong>Ioannes</strong></span> <span class='ocrx_word' id='word_1_153' title='bbox 444 2509 531 2582; x_wconf 90' lang='lat' dir='ltr'><strong>ergo</strong></span> <span class='ocrx_word' id='word_1_154' title='bbox 544 2509 617 2560; x_wconf 83' lang='lat' dir='ltr'><strong>vox</strong></span> <span class='ocrx_word' id='word_1_155' title='bbox 630 2491 695 2579; x_wconf 88' lang='lat' dir='ltr'><strong>est,</strong></span> <span class='ocrx_word' id='word_1_156' title='bbox 715 2485 779 2558; x_wconf 87' lang='lat' dir='ltr'><strong>sed</strong></span> <span class='ocrx_word' id='word_1_157' title='bbox 797 2489 959 2582; x_wconf 86' lang='lat' dir='ltr'><strong>verbum,</strong></span> <span class='ocrx_word' id='word_1_158' title='bbox 978 2487 1072 2585; x_wconf 94' lang='lat' dir='ltr'><strong>qnod</strong></span> <span class='ocrx_word' id='word_1_159' title='bbox 1091 2491 1195 2560; x_wconf 90' lang='lat' dir='ltr'><strong>sonat</strong></span> <span class='ocrx_word' id='word_1_160' title='bbox 1212 2485 1251 2560; x_wconf 87' lang='lat' dir='ltr'><strong>in&#39;</strong></span> 
     </span>
     <span class='ocr_line' id='line_1_22' title="bbox 163 2590 1250 2686; baseline -0.003 -20"><span class='ocrx_word' id='word_1_161' title='bbox 163 2613 265 2685; x_wconf 81' lang='lat' dir='ltr'><strong>uoce,</strong></span> <span class='ocrx_word' id='word_1_162' title='bbox 281 2590 457 2666; x_wconf 91' lang='lat' dir='ltr'><strong>Dominus</strong></span> <span class='ocrx_word' id='word_1_163' title='bbox 475 2595 541 2664; x_wconf 90' lang='lat' dir='ltr'><strong>est.</strong></span> <span class='ocrx_word' id='word_1_164' title='bbox 571 2591 654 2665; x_wconf 87' lang='lat' dir='ltr'><strong>Vox</strong></span> <span class='ocrx_word' id='word_1_165' title='bbox 673 2611 734 2663; x_wconf 89' lang='lat' dir='ltr'><strong>eos</strong></span> <span class='ocrx_word' id='word_1_166' title='bbox 753 2591 951 2686; x_wconf 80' lang='lat' dir='ltr'><strong>suscitavit,</strong></span> <span class='ocrx_word' id='word_1_167' title='bbox 977 2615 1050 2665; x_wconf 87' lang='lat' dir='ltr'><strong>vox</strong></span> <span class='ocrx_word' id='word_1_168' title='bbox 1068 2615 1129 2665; x_wconf 88' lang='lat' dir='ltr'><strong>eos</strong></span> <span class='ocrx_word' id='word_1_169' title='bbox 1146 2613 1250 2665; x_wconf 83' lang='lat' dir='ltr'><strong>uoca-</strong></span> 
     </span>
     <span class='ocr_line' id='line_1_23' title="bbox 164 2691 1248 2789; baseline -0.002 -19"><span class='ocrx_word' id='word_1_170' title='bbox 164 2695 221 2770; x_wconf 83' lang='lat' dir='ltr'><strong>uit</strong></span> <span class='ocrx_word' id='word_1_171' title='bbox 238 2701 275 2768; x_wconf 94' lang='lat' dir='ltr'><strong>et</strong></span> <span class='ocrx_word' id='word_1_172' title='bbox 291 2691 448 2789; x_wconf 84' lang='lat' dir='ltr'><strong>reduxit,</strong></span> <span class='ocrx_word' id='word_1_173' title='bbox 465 2695 627 2769; x_wconf 85' lang='lat' dir='ltr'><strong>Verbum</strong></span> <span class='ocrx_word' id='word_1_174' title='bbox 644 2700 765 2768; x_wconf 89' lang='lat' dir='ltr'><strong>autem</strong></span> <span class='ocrx_word' id='word_1_175' title='bbox 782 2695 876 2768; x_wconf 90' lang='lat' dir='ltr'><strong>dona</strong></span> <span class='ocrx_word' id='word_1_176' title='bbox 898 2695 1033 2770; x_wconf 81' lang='lat' dir='ltr'><strong>suaeis</strong></span> <span class='ocrx_word' id='word_1_177' title='bbox 1052 2695 1248 2769; x_wconf 85' lang='lat' dir='ltr'><strong>distribuit.</strong></span> 
     </span>
     <span class='ocr_line' id='line_1_24' title="bbox 164 2797 1324 2897; baseline 0 -25"><span class='ocrx_word' id='word_1_178' title='bbox 164 2798 349 2889; x_wconf 84' lang='lat' dir='ltr'><strong>Quantum</strong></span> <span class='ocrx_word' id='word_1_179' title='bbox 366 2805 564 2897; x_wconf 86' lang='lat' dir='ltr'><strong>peccatum,</strong></span> <span class='ocrx_word' id='word_1_180' title='bbox 582 2805 684 2872; x_wconf 90' lang='lat' dir='ltr'><strong>tanta</strong></span> <span class='ocrx_word' id='word_1_181' title='bbox 701 2805 738 2872; x_wconf 90' lang='lat' dir='ltr'><strong>et</strong></span> <span class='ocrx_word' id='word_1_182' title='bbox 755 2821 871 2896; x_wconf 88' lang='lat' dir='ltr'><strong>poena</strong></span> <span class='ocrx_word' id='word_1_183' title='bbox 883 2797 909 2872; x_wconf 79' lang='lat'><strong>¹⁸.</strong></span> <span class='ocrx_word' id='word_1_184' title='bbox 925 2799 1118 2873; x_wconf 91' lang='lat' dir='ltr'><strong>Paululum</strong></span> <span class='ocrx_word' id='word_1_185' title='bbox 1131 2823 1154 2873; x_wconf 91' lang='lat' dir='ltr'><strong>a</strong></span> <span class='ocrx_word' id='word_1_186' title='bbox 1166 2799 1252 2874; x_wconf 90' lang='lat' dir='ltr'><strong>reli·</strong></span> <span class='ocrx_word' id='word_1_187' title='bbox 1320 2815 1324 2826; x_wconf 91' lang='grc'><em>·</em></span> 
     </span>
     <span class='ocr_line' id='line_1_25' title="bbox 165 2902 1254 3001; baseline 0.002 -27"><span class='ocrx_word' id='word_1_188' title='bbox 165 2903 274 2999; x_wconf 89' lang='lat' dir='ltr'><strong>gione</strong></span> <span class='ocrx_word' id='word_1_189' title='bbox 292 2909 519 2978; x_wconf 86' lang='lat' dir='ltr'><strong>recesserunt</strong></span> <span class='ocrx_word' id='word_1_190' title='bbox 533 2909 569 2976; x_wconf 92' lang='lat' dir='ltr'><strong>et</strong></span> <span class='ocrx_word' id='word_1_191' title='bbox 581 2902 768 3001; x_wconf 91' lang='lat' dir='ltr'><strong>paululum</strong></span> <span class='ocrx_word' id='word_1_192' title='bbox 786 2927 847 2977; x_wconf 89' lang='lat' dir='ltr'><strong>eos</strong></span> <span class='ocrx_word' id='word_1_193' title='bbox 865 2903 1016 3001; x_wconf 87' lang='lat' dir='ltr'><strong>punivit.</strong></span> <span class='ocrx_word' id='word_1_194' title='bbox 1034 2903 1111 2976; x_wconf 67' lang='lat' dir='ltr'><strong>«Et</strong></span> <span class='ocrx_word' id='word_1_195' title='bbox 1123 2903 1254 3000; x_wconf 91' lang='lat' dir='ltr'><strong>perdet</strong></span> 
     </span>
     <span class='ocr_line' id='line_1_26' title="bbox 165 3005 1254 3106; baseline 0.001 -26"><span class='ocrx_word' id='word_1_196' title='bbox 165 3031 287 3082; x_wconf 88' lang='lat' dir='ltr'><strong>ramos</strong></span> <span class='ocrx_word' id='word_1_197' title='bbox 307 3009 430 3106; x_wconf 82' lang='lat' dir='ltr'><strong>sylvae</strong></span> <span class='ocrx_word' id='word_1_198' title='bbox 450 3007 568 3082; x_wconf 88' lang='lat' dir='ltr'><strong>securi</strong></span> <span class='ocrx_word' id='word_1_199' title='bbox 580 3047 610 3102; x_wconf 67' lang='lat' dir='ltr'><strong>n,</strong></span> <span class='ocrx_word' id='word_1_200' title='bbox 628 3005 720 3080; x_wconf 85' lang='lat' dir='ltr'><strong>dixit</strong></span> <span class='ocrx_word' id='word_1_201' title='bbox 736 3007 851 3082; x_wconf 88' lang='lat' dir='ltr'><strong>Isaias</strong></span> <span class='ocrx_word' id='word_1_202' title='bbox 862 3006 888 3080; x_wconf 75' lang='lat'><strong>⁵.</strong></span> <span class='ocrx_word' id='word_1_203' title='bbox 907 3007 1042 3084; x_wconf 88' lang='lat' dir='ltr'><strong>Ramos</strong></span> <span class='ocrx_word' id='word_1_204' title='bbox 1060 3007 1163 3102; x_wconf 85' lang='lat' dir='ltr'><strong>dixit,</strong></span> <span class='ocrx_word' id='word_1_205' title='bbox 1181 3031 1254 3081; x_wconf 94' lang='lat' dir='ltr'><strong>non</strong></span> 
     </span>
     <span class='ocr_line' id='line_1_27' title="bbox 166 3111 1257 3210; baseline 0 -24"><span class='ocrx_word' id='word_1_206' title='bbox 166 3113 319 3186; x_wconf 89' lang='lat' dir='ltr'><strong>radices.</strong></span> <span class='ocrx_word' id='word_1_207' title='bbox 340 3112 458 3203; x_wconf 82' lang='lat' dir='ltr'><strong>Quum</strong></span> <span class='ocrx_word' id='word_1_208' title='bbox 477 3117 597 3184; x_wconf 90' lang='lat' dir='ltr'><strong>autem</strong></span> <span class='ocrx_word' id='word_1_209' title='bbox 614 3135 783 3186; x_wconf 89' lang='lat' dir='ltr'><strong>mensura</strong></span> <span class='ocrx_word' id='word_1_210' title='bbox 803 3117 1031 3210; x_wconf 86' lang='lat' dir='ltr'><strong>peccatorum</strong></span> <span class='ocrx_word' id='word_1_211' title='bbox 1049 3135 1171 3186; x_wconf 90' lang='lat' dir='ltr'><strong>eornm</strong></span> <span class='ocrx_word' id='word_1_212' title='bbox 1189 3111 1257 3186; x_wconf 92' lang='lat' dir='ltr'><strong>im·</strong></span> 
     </span>
     <span class='ocr_line' id='line_1_28' title="bbox 165 3215 1253 3314; baseline 0.005 -25"><span class='ocrx_word' id='word_1_213' title='bbox 165 3216 267 3314; x_wconf 91' lang='lat' dir='ltr'><strong>pleta</strong></span> <span class='ocrx_word' id='word_1_214' title='bbox 285 3223 392 3313; x_wconf 83' lang='lat' dir='ltr'><strong>esset,</strong></span> <span class='ocrx_word' id='word_1_215' title='bbox 410 3215 511 3292; x_wconf 88' lang='lat' dir='ltr'><strong>venit</strong></span> <span class='ocrx_word' id='word_1_216' title='bbox 526 3217 681 3290; x_wconf 86' lang='lat' dir='ltr'><strong>Ioannes</strong></span> <span class='ocrx_word' id='word_1_217' title='bbox 704 3223 741 3288; x_wconf 92' lang='lat' dir='ltr'><strong>et</strong></span> <span class='ocrx_word' id='word_1_218' title='bbox 767 3217 938 3290; x_wconf 83' lang='lat' dir='ltr'><strong>radicitus</strong></span> <span class='ocrx_word' id='word_1_219' title='bbox 957 3219 1122 3292; x_wconf 87' lang='lat' dir='ltr'><strong>arborem</strong></span> <span class='ocrx_word' id='word_1_220' title='bbox 1141 3218 1253 3296; x_wconf 88' lang='lat' dir='ltr'><strong>extir-</strong></span> 
     </span>
     <span class='ocr_line' id='line_1_29' title="bbox 166 3320 1255 3420; baseline 0.006 -26"><span class='ocrx_word' id='word_1_221' title='bbox 166 3321 279 3418; x_wconf 86' lang='lat' dir='ltr'><strong>pavit.</strong></span> <span class='ocrx_word' id='word_1_222' title='bbox 298 3323 430 3417; x_wconf 76' lang='lat' dir='ltr'><strong>Ecce,</strong></span> <span class='ocrx_word' id='word_1_223' title='bbox 457 3320 647 3394; x_wconf 88' lang='lat' dir='ltr'><strong>securis</strong></span> <span class='ocrx_word' id='word_1_224' title='bbox 674 3320 902 3417; x_wconf 82' lang='lat' dir='ltr'><strong>peruenit</strong></span> <span class='ocrx_word' id='word_1_225' title='bbox 926 3344 1078 3420; x_wconf 89' lang='lat' dir='ltr'><strong>usquc</strong></span> <span class='ocrx_word' id='word_1_226' title='bbox 1104 3325 1158 3398; x_wconf 93' lang='lat' dir='ltr'><strong>ad</strong></span> <span class='ocrx_word' id='word_1_227' title='bbox 1186 3351 1255 3400; x_wconf 91' lang='lat' dir='ltr'><strong>ra·</strong></span> 
     </span>
    </p>
   </div>
   <div class='ocr_carea' id='block_1_3' title="bbox 170 3539 1259 4551">
    <p class='ocr_par' dir='ltr' id='par_1_5' title="bbox 251 3539 1175 3618">
     <span class='ocr_line' id='line_1_30' title="bbox 251 3539 1175 3618; baseline -0.003 -17"><span class='ocrx_word' id='word_1_228' title='bbox 251 3547 278 3601; x_wconf 95' lang='lat'><strong>1.</strong></span> <span class='ocrx_word' id='word_1_229' title='bbox 299 3542 347 3602; x_wconf 79' lang='lat' dir='ltr'><strong>ef.</strong></span> <span class='ocrx_word' id='word_1_230' title='bbox 359 3543 376 3601; x_wconf 94' lang='grc' dir='ltr'>Ι</span> <span class='ocrx_word' id='word_1_231' title='bbox 389 3542 464 3602; x_wconf 79' lang='lat' dir='ltr'><strong>(loa.</strong></span> <span class='ocrx_word' id='word_1_232' title='bbox 477 3543 506 3616; x_wconf 82' lang='lat'><strong>3,</strong></span> <span class='ocrx_word' id='word_1_233' title='bbox 520 3543 557 3600; x_wconf 87' lang='lat'><strong>8:</strong></span> <span class='ocrx_word' id='word_1_234' title='bbox 572 3540 632 3610; x_wconf 85' lang='lat' dir='ltr'><strong>Qui</strong></span> <span class='ocrx_word' id='word_1_235' title='bbox 643 3541 763 3618; x_wconf 85' lang='lat' dir='ltr'><strong>plantat</strong></span> <span class='ocrx_word' id='word_1_236' title='bbox 776 3544 808 3599; x_wconf 89' lang='lat' dir='ltr'><strong>et</strong></span> <span class='ocrx_word' id='word_1_237' title='bbox 822 3539 873 3618; x_wconf 93' lang='lat' dir='ltr'><strong>qui</strong></span> <span class='ocrx_word' id='word_1_238' title='bbox 885 3541 977 3618; x_wconf 82' lang='lat' dir='ltr'><strong>rigat,</strong></span> <span class='ocrx_word' id='word_1_239' title='bbox 990 3557 1085 3602; x_wconf 89' lang='lat' dir='ltr'><strong>unum</strong></span> <span class='ocrx_word' id='word_1_240' title='bbox 1094 3547 1175 3602; x_wconf 89' lang='lat' dir='ltr'><strong>sunt.</strong></span> 
     </span>
    </p>

    <p class='ocr_par' dir='ltr' id='par_1_6' title="bbox 170 3619 1259 4094">
     <span class='ocr_line' id='line_1_31' title="bbox 251 3619 1256 3698; baseline 0.002 -18"><span class='ocrx_word' id='word_1_241' title='bbox 251 3623 292 3680; x_wconf 85' lang='lat'><strong>2..</strong></span> <span class='ocrx_word' id='word_1_242' title='bbox 302 3622 351 3681; x_wconf 84' lang='lat' dir='ltr'><strong>Ad</strong></span> <span class='ocrx_word' id='word_1_243' title='bbox 364 3619 512 3680; x_wconf 84' lang='lat' dir='ltr'><strong>uerbum:</strong></span> <span class='ocrx_word' id='word_1_244' title='bbox 529 3620 630 3688; x_wconf 82' lang='lat' dir='ltr'><strong>Quare</strong></span> <span class='ocrx_word' id='word_1_245' title='bbox 650 3621 730 3678; x_wconf 89' lang='lat' dir='ltr'><strong>inter</strong></span> <span class='ocrx_word' id='word_1_246' title='bbox 743 3620 819 3679; x_wconf 90' lang='lat' dir='ltr'><strong>duos</strong></span> <span class='ocrx_word' id='word_1_247' title='bbox 840 3623 1088 3698; x_wconf 86' lang='lat' dir='ltr'><strong>compresserunt</strong></span> <span class='ocrx_word' id='word_1_248' title='bbox 1099 3621 1256 3698; x_wconf 88' lang='lat' dir='ltr'><strong>tenebras,</strong></span> 
     </span>
     <span class='ocr_line' id='line_1_32' title="bbox 173 3699 1255 3776; baseline 0.003 -18"><span class='ocrx_word' id='word_1_249' title='bbox 173 3701 352 3776; x_wconf 81' lang='lat' dir='ltr'><strong>mysterium</strong></span> <span class='ocrx_word' id='word_1_250' title='bbox 366 3701 467 3760; x_wconf 85' lang='lat' dir='ltr'><strong>Patris</strong></span> <span class='ocrx_word' id='word_1_251' title='bbox 483 3699 732 3759; x_wconf 65' lang='lat' dir='ltr'><strong>assiliebamus</strong></span> <span class='ocrx_word' id='word_1_252' title='bbox 746 3715 815 3757; x_wconf 86' lang='lat' dir='ltr'><strong>esse</strong></span> <span class='ocrx_word' id='word_1_253' title='bbox 829 3699 969 3759; x_wconf 85' lang='lat' dir='ltr'><strong>videtur:</strong></span> <span class='ocrx_word' id='word_1_254' title='bbox 983 3699 1067 3757; x_wconf 82' lang='lat' dir='ltr'><strong>Elias</strong></span> <span class='ocrx_word' id='word_1_255' title='bbox 1082 3704 1114 3758; x_wconf 93' lang='lat' dir='ltr'><strong>et</strong></span> <span class='ocrx_word' id='word_1_256' title='bbox 1122 3701 1255 3761; x_wconf 88' lang='lat' dir='ltr'><strong>Ioannes</strong></span> 
     </span>
     <span class='ocr_line' id='line_1_33' title="bbox 170 3777 1255 3856; baseline 0.004 -20"><span class='ocrx_word' id='word_1_257' title='bbox 170 3780 302 3856; x_wconf 89' lang='lat' dir='ltr'><strong>uterque</strong></span> <span class='ocrx_word' id='word_1_258' title='bbox 314 3799 370 3840; x_wconf 87' lang='lat' dir='ltr'><strong>sua</strong></span> <span class='ocrx_word' id='word_1_259' title='bbox 381 3796 420 3838; x_wconf 84' lang='lat' dir='ltr'><strong>ex</strong></span> <span class='ocrx_word' id='word_1_260' title='bbox 429 3783 518 3855; x_wconf 88' lang='lat' dir='ltr'><strong>parte</strong></span> <span class='ocrx_word' id='word_1_261' title='bbox 529 3796 650 3837; x_wconf 89' lang='lat' dir='ltr'><strong>errores</strong></span> <span class='ocrx_word' id='word_1_262' title='bbox 662 3779 694 3836; x_wconf 86' lang='lat' dir='ltr'><strong>et</strong></span> <span class='ocrx_word' id='word_1_263' title='bbox 706 3777 956 3837; x_wconf 83' lang='lat' dir='ltr'><strong>vitiainsectatus</strong></span> <span class='ocrx_word' id='word_1_264' title='bbox 971 3781 1019 3836; x_wconf 89' lang='lat' dir='ltr'><strong>est</strong></span> <span class='ocrx_word' id='word_1_265' title='bbox 1030 3779 1125 3839; x_wconf 89' lang='lat' dir='ltr'><strong>ethac</strong></span> <span class='ocrx_word' id='word_1_266' title='bbox 1134 3783 1255 3840; x_wconf 85' lang='lat' dir='ltr'><strong>ratione</strong></span> 
     </span>
     <span class='ocr_line' id='line_1_34' title="bbox 174 3855 1259 3920; baseline 0.006 -6"><span class='ocrx_word' id='word_1_267' title='bbox 174 3857 300 3917; x_wconf 89' lang='lat' dir='ltr'><strong>Patrem</strong></span> <span class='ocrx_word' id='word_1_268' title='bbox 316 3863 348 3918; x_wconf 88' lang='lat' dir='ltr'><strong>et</strong></span> <span class='ocrx_word' id='word_1_269' title='bbox 360 3859 469 3918; x_wconf 87' lang='lat' dir='ltr'><strong>Filium</strong></span> <span class='ocrx_word' id='word_1_270' title='bbox 484 3855 593 3916; x_wconf 88' lang='lat' dir='ltr'><strong>imitati</strong></span> <span class='ocrx_word' id='word_1_271' title='bbox 606 3859 686 3914; x_wconf 85' lang='lat' dir='ltr'><strong>sunt.</strong></span> <span class='ocrx_word' id='word_1_272' title='bbox 699 3858 834 3916; x_wconf 86' lang='lat' dir='ltr'><strong>Possunt</strong></span> <span class='ocrx_word' id='word_1_273' title='bbox 845 3859 948 3916; x_wconf 87' lang='lat' dir='ltr'><strong>antem</strong></span> <span class='ocrx_word' id='word_1_274' title='bbox 961 3857 1037 3916; x_wconf 89' lang='lat' dir='ltr'><strong>haec</strong></span> <span class='ocrx_word' id='word_1_275' title='bbox 1050 3859 1147 3920; x_wconf 84' lang='lat' dir='ltr'><strong>verba</strong></span> <span class='ocrx_word' id='word_1_276' title='bbox 1166 3861 1259 3920; x_wconf 88' lang='lat' dir='ltr'><strong>etiam</strong></span> 
     </span>
     <span class='ocr_line' id='line_1_35' title="bbox 170 3934 1256 4012; baseline 0.005 -19"><span class='ocrx_word' id='word_1_277' title='bbox 170 3935 211 3994; x_wconf 89' lang='lat' dir='ltr'><strong>ad</strong></span> <span class='ocrx_word' id='word_1_278' title='bbox 224 3938 338 4012; x_wconf 91' lang='lat' dir='ltr'><strong>gallum</strong></span> <span class='ocrx_word' id='word_1_279' title='bbox 352 3940 385 3998; x_wconf 89' lang='lat' dir='ltr'><strong>et</strong></span> <span class='ocrx_word' id='word_1_280' title='bbox 396 3938 553 3996; x_wconf 87' lang='lat' dir='ltr'><strong>lucernam</strong></span> <span class='ocrx_word' id='word_1_281' title='bbox 566 3934 687 4010; x_wconf 84' lang='lat' dir='ltr'><strong>referri,</strong></span> <span class='ocrx_word' id='word_1_282' title='bbox 709 3935 780 4011; x_wconf 89' lang='lat' dir='ltr'><strong>quia</strong></span> <span class='ocrx_word' id='word_1_283' title='bbox 791 3937 892 3995; x_wconf 88' lang='lat' dir='ltr'><strong>noctis</strong></span> <span class='ocrx_word' id='word_1_284' title='bbox 906 3936 1052 3996; x_wconf 87' lang='lat' dir='ltr'><strong>tenebrae</strong></span> <span class='ocrx_word' id='word_1_285' title='bbox 1065 3938 1145 3998; x_wconf 88' lang='lat' dir='ltr'><strong>inter</strong></span> <span class='ocrx_word' id='word_1_286' title='bbox 1157 3941 1256 3998; x_wconf 90' lang='lat' dir='ltr'><strong>lucer-</strong></span> 
     </span>
     <span class='ocr_line' id='line_1_36' title="bbox 170 4013 1255 4094; baseline -0.002 -18"><span class='ocrx_word' id='word_1_287' title='bbox 170 4035 250 4089; x_wconf 89' lang='lat' dir='ltr'><strong>nam,</strong></span> <span class='ocrx_word' id='word_1_288' title='bbox 263 4035 343 4094; x_wconf 87' lang='lat' dir='ltr'><strong>qnae</strong></span> <span class='ocrx_word' id='word_1_289' title='bbox 353 4033 483 4093; x_wconf 85' lang='lat' dir='ltr'><strong>vespere</strong></span> <span class='ocrx_word' id='word_1_290' title='bbox 494 4013 681 4089; x_wconf 86' lang='lat' dir='ltr'><strong>accenditur,</strong></span> <span class='ocrx_word' id='word_1_291' title='bbox 693 4018 725 4072; x_wconf 89' lang='lat' dir='ltr'><strong>et</strong></span> <span class='ocrx_word' id='word_1_292' title='bbox 734 4013 814 4072; x_wconf 91' lang='lat' dir='ltr'><strong>inter</strong></span> <span class='ocrx_word' id='word_1_293' title='bbox 824 4015 1010 4089; x_wconf 81' lang='lat' dir='ltr'><strong>gallicinium</strong></span> <span class='ocrx_word' id='word_1_294' title='bbox 1024 4017 1255 4076; x_wconf 86' lang='lat' dir='ltr'><strong>concluduntur.</strong></span> 
     </span>
    </p>

    <p class='ocr_par' dir='ltr' id='par_1_7' title="bbox 173 4093 1256 4252">
     <span class='ocr_line' id='line_1_37' title="bbox 250 4093 1256 4167; baseline 0.002 -13"><span class='ocrx_word' id='word_1_295' title='bbox 250 4098 279 4154; x_wconf 88' lang='lat'><strong>3.</strong></span> <span class='ocrx_word' id='word_1_296' title='bbox 296 4096 380 4156; x_wconf 83' lang='lat' dir='ltr'><strong>Elias</strong></span> <span class='ocrx_word' id='word_1_297' title='bbox 393 4095 425 4153; x_wconf 91' lang='lat' dir='ltr'><strong>in</strong></span> <span class='ocrx_word' id='word_1_298' title='bbox 439 4093 499 4153; x_wconf 90' lang='lat' dir='ltr'><strong>fine</strong></span> <span class='ocrx_word' id='word_1_299' title='bbox 512 4093 616 4154; x_wconf 91' lang='lat' dir='ltr'><strong>mnndi</strong></span> <span class='ocrx_word' id='word_1_300' title='bbox 628 4096 787 4167; x_wconf 76' lang='lat' dir='ltr'><strong>uenturus,</strong></span> <span class='ocrx_word' id='word_1_301' title='bbox 805 4097 891 4154; x_wconf 88' lang='lat' dir='ltr'><strong>recte</strong></span> <span class='ocrx_word' id='word_1_302' title='bbox 905 4094 935 4152; x_wconf 85' lang='lat' dir='ltr'><strong>h.</strong></span> <span class='ocrx_word' id='word_1_303' title='bbox 950 4093 969 4152; x_wconf 91' lang='lat' dir='ltr'><strong>l.</strong></span> <span class='ocrx_word' id='word_1_304' title='bbox 984 4113 1052 4155; x_wconf 91' lang='lat' dir='ltr'><strong>cnm</strong></span> <span class='ocrx_word' id='word_1_305' title='bbox 1066 4097 1192 4157; x_wconf 86' lang='lat' dir='ltr'><strong>lucerna</strong></span> <span class='ocrx_word' id='word_1_306' title='bbox 1205 4115 1256 4156; x_wconf 84' lang='lat' dir='ltr'><strong>ve·</strong></span> 
     </span>
     <span class='ocr_line' id='line_1_38' title="bbox 173 4174 531 4252; baseline 0 -20"><span class='ocrx_word' id='word_1_307' title='bbox 173 4174 312 4250; x_wconf 86' lang='lat' dir='ltr'><strong>spartina</strong></span> <span class='ocrx_word' id='word_1_308' title='bbox 326 4174 531 4252; x_wconf 85' lang='lat' dir='ltr'><strong>comparatur.</strong></span> 
     </span>
    </p>

    <p class='ocr_par' dir='ltr' id='par_1_8' title="bbox 174 4251 1255 4410">
     <span class='ocr_line' id='line_1_39' title="bbox 251 4251 1255 4330; baseline 0.002 -18"><span class='ocrx_word' id='word_1_309' title='bbox 251 4255 280 4312; x_wconf 87' lang='lat'><strong>4.</strong></span> <span class='ocrx_word' id='word_1_310' title='bbox 300 4255 358 4314; x_wconf 89' lang='lat' dir='ltr'><strong>Hic</strong></span> <span class='ocrx_word' id='word_1_311' title='bbox 372 4252 479 4329; x_wconf 83' lang='lat' dir='ltr'><strong>insipit</strong></span> <span class='ocrx_word' id='word_1_312' title='bbox 499 4251 664 4330; x_wconf 79' lang='lat' dir='ltr'><strong>explicatio</strong></span> <span class='ocrx_word' id='word_1_313' title='bbox 684 4251 867 4311; x_wconf 78' lang='lat' dir='ltr'><strong>verborum:</strong></span> <span class='ocrx_word' id='word_1_314' title='bbox 890 4251 1043 4313; x_wconf 84' lang='lat' dir='ltr'><strong>“Securis</strong></span> <span class='ocrx_word' id='word_1_315' title='bbox 1064 4253 1103 4312; x_wconf 92' lang='lat' dir='ltr'><strong>ad</strong></span> <span class='ocrx_word' id='word_1_316' title='bbox 1121 4251 1255 4314; x_wconf 87' lang='lat' dir='ltr'><strong>radicem</strong></span> 
     </span>
     <span class='ocr_line' id='line_1_40' title="bbox 174 4331 490 4410; baseline -0.009 -21"><span class='ocrx_word' id='word_1_317' title='bbox 174 4331 294 4392; x_wconf 89' lang='lat' dir='ltr'><strong>arboris</strong></span> <span class='ocrx_word' id='word_1_318' title='bbox 308 4331 450 4410; x_wconf 84' lang='lat' dir='ltr'><strong>pervenit</strong></span> <span class='ocrx_word' id='word_1_319' title='bbox 461 4371 490 4407; x_wconf 83' lang='lat'><strong>,‚.</strong></span> 
     </span>
    </p>

    <p class='ocr_par' dir='ltr' id='par_1_9' title="bbox 178 4408 1259 4551">
     <span class='ocr_line' id='line_1_41' title="bbox 250 4408 1259 4488; baseline 0 -19"><span class='ocrx_word' id='word_1_320' title='bbox 250 4411 280 4469; x_wconf 85' lang='lat'><strong>5.</strong></span> <span class='ocrx_word' id='word_1_321' title='bbox 301 4413 343 4473; x_wconf 87' lang='lat' dir='ltr'><strong>Is.</strong></span> <span class='ocrx_word' id='word_1_322' title='bbox 365 4415 412 4488; x_wconf 89' lang='lat'><strong>10,</strong></span> <span class='ocrx_word' id='word_1_323' title='bbox 423 4413 470 4470; x_wconf 76' lang='lat'><strong>34.</strong></span> <span class='ocrx_word' id='word_1_324' title='bbox 493 4411 560 4470; x_wconf 88' lang='lat' dir='ltr'><strong>Hoc</strong></span> <span class='ocrx_word' id='word_1_325' title='bbox 583 4408 710 4469; x_wconf 86' lang='lat' dir='ltr'><strong>citatum</strong></span> <span class='ocrx_word' id='word_1_326' title='bbox 732 4428 800 4469; x_wconf 89' lang='lat' dir='ltr'><strong>cum</strong></span> <span class='ocrx_word' id='word_1_327' title='bbox 820 4409 965 4472; x_wconf 86' lang='lat' dir='ltr'><strong>Peschito</strong></span> <span class='ocrx_word' id='word_1_328' title='bbox 986 4410 1025 4470; x_wconf 93' lang='lat' dir='ltr'><strong>ad</strong></span> <span class='ocrx_word' id='word_1_329' title='bbox 1047 4411 1172 4470; x_wconf 85' lang='lat' dir='ltr'><strong>verbum</strong></span> <span class='ocrx_word' id='word_1_330' title='bbox 1188 4429 1259 4471; x_wconf 91' lang='lat' dir='ltr'><strong>con-</strong></span> 
     </span>
     <span class='ocr_line' id='line_1_42' title="bbox 178 4495 275 4551; baseline -0.041 -2"><span class='ocrx_word' id='word_1_331' title='bbox 178 4495 275 4551; x_wconf 84' lang='lat' dir='ltr'><strong>sonat.</strong></span> 
     </span>
    </p>
   </div>
   <div class='ocr_carea' id='block_1_4' title="bbox 0 0 1647 5220">
    <p class='ocr_par' dir='ltr' id='par_1_10' title="bbox 0 0 1647 5220">
     <span class='ocr_line' id='line_1_43' title="bbox 0 0 1647 5220; baseline 0 0"><span class='ocrx_word' id='word_1_332' title='bbox 0 0 1647 5220; x_wconf 95' lang='lat' dir='ltr'><strong> </strong></span> 
     </span>
    </p>
   </div>
  </div>
 </body>
</html>
