3330 5200
364 372 408 445 86

363 522 448 576 vero
460 522 586 574 manus
605 489 682 597 ejus
695 521 810 572 vacua
824 523 861 572 se
877 499 1104 593 extendebat,
1125 499 1223 572 'sinus
1240 497 1456 598 ejus-imple-

364 611 423 678 tus
442 613 497 676 est
515 603 676 676 sanitate.
705 603 882 692 Quamdiu
897 627 1034 701 manus
1063 605 1140 702 ejus
1163 603 1364 677 visibilibus
1392 606 1455 677 sti-

370 708 510 805 pendiis
528 707 746 804 replebatur,
765 709 808 780 ab
827 707 1000 780 invisibili
1017 709 1086 781 fide
1104 730 1215 782 vacua
1233 715 1310 780 erat
1323 734 1331 802 3
1346 732 1456 804 quum

364 819 485 885 autem
503 811 645 885 visibile
665 812 879 909 stipendium
899 834 1046 902 emanu
1065 834 1255 884 excussum
1275 819 1381 905 esset,
1399 812 1455 884 in-

362 916 497 990 visibili
512 915 581 988 fide
595 915 733 1012 repleta
746 922 810 988 est.
823 915 976 988 Visibile
996 915 1086 988 dans
1106 915 1260 1012 pretium
1273 915 1454 988 visibilem

348 1011 585 1092 ‘sanationem
602 1041 674 1092 non
693 1019 851 1115 accepit,
881 1019 969 1091 dans
1001 1027 1121 1092 autem
1138 1019 1245 1091 fidem
1262 1017 1455 1114 visibilem,

365 1123 587 1196 sanationem
607 1120 780 1196 occultam
800 1123 945 1219 aceepit.
965 1122 1137 1211 Quamvis
1156 1122 1375 1196 confidenter
1392 1147 1455 1220 pe·

364 1227 504 1300 cuniam
524 1227 756 1323 expenderet,
783 1227 983 1300 mercedem
1000 1233 1121 1299 tamen
1146 1250 1212 1323 pro
1241 1227 1455 1300 confidentia

365 1356 438 1404 non
464 1332 622 1426 recepit,
650 1338 687 1404 at
713 1331 853 1426 quando
872 1330 970 1402 dedit
998 1331 1176 1428 stipendia
1201 1330 1295 1404 furto
1322 1331 1454 1426 ablata,

364 1435 520 1532 pretium
543 1459 675 1529 eorum,
702 1435 875 1507 occultem
893 1435 1030 1508 scilicet
1058 1435 1276 1508 sanationem
1305 1436 1452 1532 accepit.

470 1539 587 1627 Quum
607 1539 735 1611 medici
753 1539 893 1614 dolores
908 1539 1069 1612 mulieris
1088 1546 1273 1634 augerent,
1292 1539 1379 1634 quin
1397 1563 1452 1611 sa·

364 1649 521 1735 naretur,
540 1643 602 1716 alii
619 1642 747 1714 medici
765 1644 874 1716 astuti
901 1644 990 1716 inita
1016 1643 1183 1716 societate
1202 1643 1358 1715 omnium
1375 1643 1451 1715 ani·

363 1769 441 1818 mos
460 1747 643 1837 fallebant,
661 1771 706 1819 ne
735 1749 778 1820 ab
798 1747 916 1844 aliquo
941 1747 1136 1820 communis
1159 1770 1282 1820 eorum
1309 1771 1367 1820 ars
1385 1747 1451 1819 dif-

363 1849 569 1934 famaretur.
605 1852 657 1924 At
692 1851 865 1924 Dominus
899 1851 938 1923 in
970 1851 1168 1946 mulierem,
1205 1875 1295 1948 quae
1331 1857 1450 1924 astute

362 1954 455 2027 clam
474 1955 673 2027 accedendo
691 1955 848 2027 omniurn
871 1977 996 2028 sensus
1022 1955 1178 2050 fallebat,
1205 1978 1331 2053 aspere
1350 1955 1449 2028 inve-

362 2057 471 2132 hebat
488 2060 632 2132 dicens:
655 2081 670 2115 u
688 2058 776 2146 Quis
793 2083 850 2130 me
868 2059 988 2156 tetigit
1005 2099 1034 2153 s,
1060 2067 1100 2131 ut
1118 2059 1206 2132 fides
1239 2065 1361 2158 aperte
1389 2059 1450 2130 de-

362 2161 499 2235 clarata
517 2165 561 2236 ab
580 2161 743 2235 omnibus
763 2162 868 2234 simul
893 2163 1110 2236 laudaretur.
1136 2163 1185 2236 Et
1201 2164 1266 2258 illi,
1286 2163 1448 2259 quamvis

363 2266 427 2337 uni
462 2267 694 2340 mulierculae
721 2267 889 2340 adhibitis
916 2267 1084 2340 remediis
1105 2291 1178 2338 non
1204 2275 1351 2365 possent
1377 2291 1451 2340 me-

362 2367 451 2463 deri,
465 2376 585 2443 tamen
599 2370 691 2442 datis
709 2371 889 2467 responsis
903 2370 1097 2443 multorum
1111 2372 1246 2444 animos
1260 2375 1448 2466 sanabant,

361 2479 399 2544 at
416 2473 603 2566 Dominus,
623 2473 695 2546 etsi.
709 2475 870 2547 omnibus
889 2474 1071 2546 sanatione
1091 2499 1155 2547 sua
1181 2475 1369 2571 sufficeret,
1395 2483 1448 2548 ta-

361 2601 444 2650 men
457 2578 495 2650 in
508 2579 624 2651 dando
641 2599 814 2674 responso
828 2600 872 2649 ne
887 2578 949 2649 uni
963 2578 1105 2674 quidem
1121 2579 1282 2651 sufficere
1296 2579 1410 2652 voluit
1421 2579 1448 2654 ¹.

363 2680 467 2768 Quod
493 2683 587 2776 fecit,
614 2706 686 2755 non
712 2687 891 2778 tamquam
913 2682 1096 2778 ignoraret
1113 2705 1335 2778 responsum,
1354 2685 1449 2780 quod

361 2784 491 2858 mulier
518 2787 644 2860 datura
670 2792 776 2880 esset,
804 2786 866 2857 sed
897 2793 937 2858 ut
972 2793 1204 2883 praevertens
1231 2786 1450 2870 describeret

362 2911 424 2961 eos
442 2889 504 2986 qui
522 2889 653 2963 dicturi
671 2896 812 2962 essent:
834 2888 919 2960 “Tu
937 2890 1039 2963 venis
1066 2897 1103 2961 et
1120 2891 1323 2964 testificaris
1349 2892 1393 2963 de
1411 2899 1448 2964 te

360 2990 450 3088 ipsc,
477 2993 718 3067 testimonium
744 3000 845 3065 tuum
870 3017 943 3064 non
969 3001 1025 3066 est
1050 3017 1215 3069 veruma.
1240 2995 1449 3092 Propterea,

363 3096 432 3168 etsi
458 3097 573 3172 virtus
601 3099 677 3195 ejus
703 3097 890 3170 mulierem
910 3103 1065 3191 sanaret,
1090 3095 1215 3193 lingua
1231 3105 1352 3171 tamen
1373 3101 1451 3198 ejus
1476 3159 1479 3172 .

362 3199 437 3272 illis
456 3225 527 3276 non
544 3199 731 3299 persuasit.
751 3201 821 3274 Sed
840 3200 923 3272 licet
940 3201 1065 3296 lingua
1084 3203 1160 3298 ejus
1188 3203 1231 3274 de
1257 3203 1324 3275 hac
1343 3228 1383 3276 re
1402 3205 1450 3277 si-

361 3302 465 3398 leret,
483 3312 603 3378 tamen
623 3328 711 3402 opus
731 3305 808 3400 ejus
825 3312 866 3375 ut
883 3307 969 3379 tuba
992 3305 1036 3376 de
1060 3327 1103 3375 ea
1128 3305 1313 3380 clamabat.
1333 3308 1450 3380 Silen-

361 3407 413 3479 tio
432 3405 543 3502 igitur
557 3409 633 3504 ejus
649 3409 817 3503 superbia
829 3407 973 3480 illorum
989 3415 1025 3480 et
1038 3409 1152 3481 fastus
1175 3411 1449 3507 reprimebatur,

361 3535 428 3608 per
445 3511 764 3606 interrogationem
778 3519 897 3584 autem
916 3512 990 3610 ejus
1009 3519 1044 3584 ct
1062 3513 1303 3610 operationem
1315 3517 1449 3590 veritas

361 3616 440 3713 ejus
460 3616 742 3711 praedicabatur.
1331 3628 1335 3636 '

466 3719 505 3792 si
522 3744 615 3794 unus
633 3727 772 3792 tantum
792 3719 948 3794 sensus²
975 3721 1070 3793 esset
1090 3721 1296 3818 Scripturas
1315 3724 1449 3816 verbis,

362 3821 500 3920 primus
519 3824 667 3921 quisque
685 3823 862 3920 interpres
877 3849 957 3898 eum
971 3824 1149 3897 inveniret
1168 3832 1203 3897 et
1221 3827 1313 3922 aliis,
1328 3827 1390 3924 qui
1409 3851 1452 3900 ea

361 3926 522 4022 audiunt,
541 3929 661 4002 nullus
680 3929 807 4002 dehinc
824 3929 924 4002 labor
942 3936 1036 4002 esset
1054 3935 1091 4000 et
1115 3930 1222 4003 sudor
1241 3932 1448 4027 quaerendi,

362 4037 399 4103 et
414 4030 516 4106 nulla
540 4037 621 4128 post
645 4031 886 4106 inventionem
912 4033 1098 4108 oblectatio
1125 4041 1295 4108 maneret.
1314 4037 1452 4110 Verum

361 4134 511 4231 quodvis
529 4139 677 4210 verbum
695 4137 839 4209 Domini
857 4160 984 4235 corpus
997 4161 1100 4210 suum
1118 4137 1237 4234 habet,
1252 4145 1288 4212 et
1303 4139 1452 4214 cuilibet

441 4316 468 4374 1.
488 4315 575 4374 Haec
595 4315 748 4374 sententia
761 4332 801 4374 ex
816 4317 923 4377 cod.B
943 4315 1093 4378 translata
1114 4321 1172 4394 est,
1193 4319 1265 4396 quia
1285 4319 1317 4380 in
1338 4321 1406 4381 cod.
1419 4321 1448 4380 Α

361 4392 464 4453 media
479 4413 550 4472 pars
565 4393 690 4454 excidit.

440 4474 469 4532 2·
492 4473 541 4533 Ad
555 4474 703 4534 verbum:
717 4473 838 4533 Facies·
