3344 5200
1233 361 1299 432 251

212 495 307 582 runt,
325 487 467 562 dolores
495 495 614 562 autem
641 488 940 585 circumcisorum,
958 492 1020 586 qui
1046 513 1174 566 revera
1199 461 1306 564 iucir.

211 589 358 664 cumcisi
376 599 460 664 sunt
475 592 500 687 ¹,
519 593 735 666 renovantur
753 594 797 665 de
815 593 929 666 die'in
947 589 1053 688 diem,
1071 593 1154 690 quia
1179 614 1246 666 nec
1265 594 1306 665 in

180 701 186 711 '
216 717 281 767 sua
301 696 389 768 urbe
408 695 576 768 manendi
592 694 743 768 facultas
762 695 814 768 eis
829 697 990 788 dabatur,
1005 719 1071 769 nec
1086 697 1124 768 in
1141 719 1219 768 eam
1237 695 1305 769 ite«

215 820 295 870 rum
314 797 448 871 reverti
474 804 634 895 possunt.
664 797 703 872 Si
721 791 868 895 propter
895 822 1035 895 corpus,
1053 799 1147 896 quod
1169 797 1305 870 occide-

212 907 307 994 runt,
327 907 364 972 et
379 893 612 998 sepelierunt,
630 901 822 998 opprobria
837 903 882 974 ab
901 901 953 973 eis
971 902 1074 975 nobis
1092 901 1304 994 inferuntur,

212 996 301 1074 haec
318 1003 510 1100 opprobria
525 1003 613 1101 ipsis
631 1005 872 1078 confusionem
890 1010 1029 1100 perant,
1045 1004 1211 1100 quiahoc
1228 1025 1306 1077 cor-¹

213 1127 283 1200 pus
299 1105 517 1179 vivificatum
544 1114 600 1179 est
627 1112 664 1178 et
681 1108 840 1180 surrexit
866 1114 903 1180 et
929 1107 1030 1179 sedet
1056 1107 1101 1178 ad
1119 1107 1306 1178 dexteram

213 1205 293 1280 Dei.
312 1208 480 1302 Tabulas,
498 1231 587 1306 quas
604 1207 703 1283 Deus
721 1209 865 1304 excidit,
884 1209 1068 1306 inquibus
1095 1216 1218 1282 sancta
1241 1233 1306 1281 no-

215 1309 342 1382 mma²
360 1311 515 1407 scripsit,
534 1317 681 1408 propter
694 1335 783 1408 quas
798 1320 834 1384 et
851 1335 934 1388 arcs
951 1312 1108 1407 gloriosa
1123 1318 1305 1383 construo-

214 1417 252 1484 ta
269 1419 335 1506 est,
353 1411 499 1510 Moyses
517 1411 692 1507 confregit
709 1421 746 1486 et
762 1414 963 1510 fragmenta
986 1437 1109 1488 earum
1136 1437 1207 1486 non
1232 1437 1307 1488 am-

184 1602 187 1611 ,
215 1513 311 1610 plius
325 1517 644 1612 conjungebantur,
658 1524 824 1613 etpartes
834 1513 981 1589 earuml
994 1541 1065 1590 non
1079 1515 1307 1612 amplius,uti

216 1625 337 1712 partes
355 1619 525 1716 corporis,
543 1621 853 1712 connectebantur,
871 1643 937 1690 nec
963 1619 1049 1712 vita,
1067 1641 1134 1692 uec
1160 1641 1310 1691 renora-

219 1719 279 1814 tio,
297 1741 364 1792 nec
380 1721 478 1793 aliud
496 1721 699 1818 quidquam,
718 1722 813 1817 quod
830 1721 889 1794 rel
916 1722 1121 1818 corporibus
1147 1727 1308 1818 peccato-

218 1845 297 1894 rum
312 1823 384 1917 fiet,
399 1823 451 1896 eis
464 1825 625 1899 dabutur.
638 1825 809 1898 Attamen
822 1848 867 1897 ne
886 1832 1082 1922 reponant:
1101 1823 1253 1898 Sanctus
1270 1823 1309 1894 in
1394 1900 1397 1904 ,

218 1929 321 1998 utero
338 1949 519 2022 nunquam
544 1926 728 2020 habitarit,
754 1927 926 2001 Ieremias
944 1951 1005 2000 eos
1022 1927 1153 2022 arguit,
1174 1926 1236 2022 qui
1253 1925 1307 1997 di-

218 2025 289 2100 cit:
310 2030 545 2125 “Antequam
564 2051 631 2124 ego
647 2029 838 2102 formarem
856 2039 891 2102 te
909 2028 947 2102 in
972 2037 1085 2124 utero,
1103 2029 1254 2126 cognovi
1270 2035 1307 2102 te

218 2134 462 2228 etcntequam
480 2132 599 2206 exires
618 2156 637 2204 e
655 2139 793 2228 uentre
812 2132 1027 2207 sanctificavi
1047 2140 1081 2204 te
1095 2130 1126 2204 ²⁸.

322 2231 371 2305 Et
389 2234 420 2307 si
437 2234 589 2316 ulterius
607 2234 651 2306 de
677 2258 781 2308 cruce
807 2235 1028 2310 occasionem
1055 2241 1200 2310 sumunt
1224 2233 1308 2308 illu·

218 2333 337 2426 dendi,
356 2359 436 2410 ecce
456 2344 640 2434 serpentes
658 2337 697 2409 in
714 2337 856 2413 deserto
870 2363 930 2411 eos
953 2345 1119 2434 arguunt,
1139 2337 1307 2434 quoniam

217 2435 406 2512 maledicto
441 2446 605 2536 serpente
635 2439 761 2514 fideles
787 2441 906 2514 'sanati
937 2449 1031 2533 sunt,
1066 2463 1148 2512 nam
1177 2440 1308 2514 Judaei

217 2539 297 2612 ausi
315 2549 410 2635 sunt,
428 2564 569 2614 crucem
582 2543 724 2614 nomine
738 2543 926 2616 maledicto
943 2549 1077 2615 notare.
1095 2543 1144 2614 Et
1156 2541 1308 2614 honora-

218 2649 303 2714 runt
334 2646 484 2718 arietem
514 2644 552 2716 in
582 2647 722 2738 arbore,
751 2645 903 2742 figuram
934 2645 1020 2742 agni
1047 2644 1126 2716 veri
1143 2645 1181 2717 in
1203 2665 1308 2720 cruce

217 2743 421 2842 gloriosat,
462 2747 524 2843 qui
562 2769 628 2844 pro
666 2748 769 2821 Isaac
794 2748 905 2844 ligato
944 2746 1115 2820 mundum
1155 2747 1308 2842 ligatum

215 2843 392 2923 liberarit.
432 2849 526 2938 Quia
554 2849 710 2948 populus
736 2859 813 2924 erat
842 2849 1081 2944 maledictor,
1101 2873 1168 2946 per
1198 2849 1309 2923 males

215 2947 348 3022 dictum
372 2977 432 3026 eos
460 2952 632 3047 salvavit,
663 2959 789 3050 gentes
815 2957 933 3024 autem
960 2975 1026 3048 per
1052 2950 1309 3026 vivificatorem

213 3053 371 3126 omnium
403 3063 547 3129 sanatae
579 3063 672 3128 sunt.
709 3057 803 3145 Quia
833 3055 956 3128 traditi
987 3062 1090 3128 erant
1119 3054 1308 3128 maledicto

215 3155 385 3252 serpenti,
403 3158 464 3255 qui
482 3165 565 3230 ante
591 3183 651 3232 eos
679 3183 744 3257 per
765 3159 919 3254 Moysen
950 3181 1132 3254 expansus
1158 3164 1225 3251 est,
1251 3150 1308 3230 co·¹

210 3253 360 3330 'luerunt
392 3269 428 3334 et
466 3261 661 3336 adorarunt
700 3270 903 3358 serpentem
942 3283 1116 3356 aeneum,
1146 3260 1208 3357 qui
1242 3281 1309 3356 pro

217 3361 425 3458 corporibus
443 3365 581 3440 animas
598 3365 755 3462 perdidit
763 3364 789 3436 θ.
808 3365 879 3454 Qui
892 3363 937 3436 ad
951 3370 1153 3460 serpentem
1174 3386 1309 3460 expan-

116 3475 119 3492 '
216 3484 295 3536 sum
325 3467 504 3564 respicere
535 3468 662 3562 noluit,
692 3467 810 3566 plagis
841 3467 915 3540 suis
933 3467 1113 3542 interibat.
1140 3468 1309 3540 Fortasse
1371 3499 1374 3504 ¹

131 3622 136 3632 .
217 3577 409 3642 nouerant
437 3570 538 3667 digni
564 3569 703 3667 intueri³
723 3571 761 3644 in
786 3569 914 3662 Deum,
934 3569 1014 3642 ideo
1040 3571 1079 3643 in
1106 3576 1310 3665 serpentem

216 3666 269 3740 eis
283 3667 434 3746 similem
466 3674 695 3749 intuebantur
713 3681 750 3748 et
769 3674 1011 3749 salvabantur.
1031 3674 1079 3747 Et
1103 3673 1188 3770 quia
1210 3671 1310 3745 Deus

296 3875 322 3932 1.
344 3873 393 3933 Sic
407 3875 533 3934 Aucher
546 3877 631 3936 recta
645 3877 724 3935 hunc
746 3877 848 3936 locum
872 3875 976 3946 vertit,
1000 3876 1052 3951 qui
1066 3873 1247 3934 adverbum
1263 3873 1308 3934 ita

216 3967 250 4010 se
263 3950 375 4012 babet:
389 3955 522 4014 Dolores
537 3959 639 4014 autem
654 3955 903 4014 circumcisorum
919 3957 951 4011 et
964 3954 1257 4013 incircumcisorum.

292 4032 322 4088 2.
342 4033 392 4090 Ita
405 4033 444 4091 ad
458 4035 597 4092 verbum.
611 4033 741 4092 Nomina
754 4033 784 4090 h.
798 4033 818 4089 l·
832 4031 930 4091 rerba
944 4031 1116 4105 significare
1135 4030 1287 4090 existimo.

293 4111 321 4166 3.
341 4111 393 4169 lta
406 4111 436 4170 in
452 4113 519 4171 cod.
534 4113 620 4172 B.1n
635 4111 701 4171 cod.
714 4113 743 4170 A
756 4111 834 4170 falso
852 4112 974 4187 cajus„
991 4110 1115 4185 legitur.

291 4189 321 4321 il
342 4189 518 4327 iii'ri’eb's.
533 4268 568 4326 s.
583 4266 669 4327 conr.
685 4266 820 4338 susce,
837 4269 884 4326 ra.
1014 4236 1025 4250 '

215 4422 286 4478 sunt
293 4343 320 4401 6.
341 4345 427 4404 Haec
441 4349 474 4405 ct
488 4349 653 4424 sequentes
668 4347 746 4406 duae
770 4344 941 4406 sententiaa
965 4360 1006 4403 ex
1023 4342 1129 4404 codB
1145 4339 1306 4404 correctae
