3344 5200
1247 379 1316 449 aot

227 526 333 580 mors.
352 504 531 581 Clamavit
548 504 687 579 David:
709 527 724 562 e
742 505 814 581 Ubi
833 511 888 580 est
905 503 1029 578 lanoea
1047 511 1119 597 tua,
1137 527 1228 580 rex„
1243 505 1268 599 ¹,
1283 511 1319 576 et

227 605 395 683 clamavit
419 609 514 684 filius
532 609 671 684 David:
693 631 708 667 α
727 609 800 682 Ubi
818 616 874 682 est
891 609 1041 682 viatoria
1060 617 1131 702 tua,
1155 632 1251 682 mors
1263 647 1279 683 a
1291 608 1317 681 ².

227 711 328 786 Misit
354 713 441 788 Saul
467 712 627 785 lanceam
654 737 751 786 suam
771 708 809 784 in
826 712 956 806 David,
975 719 1012 784 et
1027 712 1112 784 lieet
1137 735 1218 784 eum
1246 735 1318 785 non

225 817 473 912 percussisset,
486 821 606 888 tamen
623 817 742 911 paries
760 815 863 888 testis
880 815 948 888 fuit
965 815 1203 912 percussionis
1221 817 1317 912 ejus;

228 917 278 990 sio
296 927 333 992 et
348 919 596 1015 crucifigentes
622 919 735 991 filium
753 917 870 991 David
903 917 1027 990 lanoea
1052 925 1317 1015 percusserunt,

227 1026 264 1094 et
280 1020 365 1094 huet
381 1022 542 1119 potentia
559 1020 695 1095 Christi
712 1044 784 1094 non
809 1019 1024 1114 laederetur,
1042 1028 1163 1093 tamen
1188 1045 1317 1118 eorpus

226 1123 303 1221 ejus
324 1131 477 1198 testatur
494 1125 538 1196 de
557 1123 673 1220 plagis
692 1125 779 1220 ejus.
798 1121 917 1196 David
933 1146 1005 1196 non
1028 1130 1083 1196 est
1105 1123 1317 1219 perforatus,

227 1233 264 1299 et
280 1226 376 1301 filius
389 1227 506 1301 David
521 1251 593 1300 non
610 1234 666 1300 est
682 1227 812 1300 laesus.
827 1226 964 1322 Paries,
980 1225 1106 1304 lancea
1121 1234 1158 1298 et
1175 1233 1318 1300 antrum

225 1338 393 1404 aoousant
420 1330 575 1424 Saulem,
594 1336 630 1400 et
647 1352 776 1428 corpus
795 1337 831 1402 et
857 1353 947 1402 orux
974 1338 1012 1404 et
1037 1329 1240 1427 sepulerum
1262 1355 1318 1404 ar·

226 1441 341 1527 gaunt
357 1435 554 1533 Hebraeos.
580 1433 696 1506 Nemo
723 1439 789 1526 est,
815 1433 876 1529 qui
893 1433 944 1505 ita
970 1454 1008 1505 se
1035 1432 1260 1527 exaltaverit,
1279 1441 1320 1506 ut

225 1535 341 1632 homo,
360 1543 397 1608 et
414 1559 518 1609 nemo
536 1542 602 1629 est,
620 1535 715 1630 quod
732 1537 783 1608 ita
807 1545 848 1608 se
874 1535 1128 1628 humiliaverit,
1146 1543 1187 1610 ut
1208 1537 1318 1610 Deus.

225 1637 341 1728 Nemo
368 1639 420 1712 ita
445 1663 483 1713 se
509 1638 693 1732 exaltavit,
719 1645 761 1712 ut
785 1639 902 1732 homo,
920 1639 982 1734 qui
1007 1639 1170 1712 extendit
1191 1663 1318 1713 manus

226 1741 273 1814 ad
290 1744 453 1816 arborem
472 1751 509 1816 et
526 1741 679 1816 creatori
705 1765 769 1816 suo
795 1742 982 1838 aequalem
999 1765 1037 1814 se
1055 1743 1171 1816 faeere
1194 1741 1319 1836 voluit,

227 1849 264 1916 et
290 1869 395 1918 nemo
421 1845 473 1919 ita
497 1869 536 1918 se
555 1844 775 1936 humiliavit,
793 1851 834 1917 ut
858 1844 970 1936 Deus,
998 1845 1060 1940 qui
1086 1869 1212 1918 manus
1236 1869 1318 1918 suas

228 1971 336 2044 super
354 1947 492 2044 lignum
511 1948 673 2021 extendit
696 1955 732 2020 et
750 1948 1172 2045 transgressioneS,-quae
1194 1956 1320 2022 exten·

227 2050 326 2127 sione
345 2075 471 2125 manus
489 2052 626 2149 primae
643 2051 878 2145 intraverant,
896 2049 1038 2125 delevit.

330 2154 505 2228 Extendit
531 2155 707 2228 Dominus
733 2178 860 2228 manns
892 2177 975 2228 suas
1001 2155 1040 2226 in
1066 2154 1165 2250 ligno
1190 2153 1320 2247 oruois,

226 2262 267 2330 ut
284 2264 446 2350 mortem,
465 2281 557 2355 quae
575 2281 640 2354 per
653 2257 791 2352 lignum
811 2264 898 2351 erat,
917 2257 1104 2332 oooideret.
1123 2259 1320 2356 Oportebat

226 2358 332 2454 enim,
350 2369 401 2454 ut,
422 2385 492 2457 quo
519 2367 623 2459 paoto
639 2361 827 2434 vulnerata
845 2369 940 2434 esset
957 2384 1050 2452 oaro,
1069 2361 1194 2434 eodem
1217 2385 1320 2434 sana·

225 2469 338 2556 retur,
356 2471 392 2536 et
409 2465 567 2556 decebat,
586 2487 668 2535 eum
686 2463 748 2559 qui
766 2487 804 2534 se
823 2463 1057 2555 exaltaverat,
1084 2463 1222 2556 iisdem,
1240 2464 1317 2558 qui·

225 2565 292 2638 bus
311 2589 349 2638 se
367 2565 558 2660 extulerat,
575 2565 811 2660 pessumdari,
828 2571 869 2638 ut
886 2566 1002 2638 virtus
1029 2566 1094 2638 illa
1116 2573 1317 2661 appareret,
1364 2635 1370 2652 ,

184 2701 188 2708 ·
226 2689 317 2764 quae
335 2669 454 2740 omnia
471 2674 674 2742 commutat.
694 2667 834 2764 Sagitta
852 2667 947 2740 enim
965 2667 1039 2762 illa,
1052 2692 1123 2765 qua
1140 2667 1319 2743 vulnerati

228 2795 362 2866 sumus,
374 2772 468 2844 faeta
485 2779 541 2844 est
557 2771 661 2844 nobis
679 2769 876 2844 remedium
894 2771 998 2845 vitae.
1018 2771 1157 2868 Telum,
1170 2794 1240 2867 quo
1258 2771 1319 2846 ho·

227 2873 293 2948 stis
311 2875 522 2970 praevaluit,
539 2875 671 2947 faotum
689 2881 744 2947 est
761 2873 795 2945 ei
812 2873 850 2944 in
867 2873 1032 2948 timorem
1050 2881 1086 2948 et
1111 2882 1318 2966 tremorem,

223 2983 275 3070 ut,
292 3001 362 3074 quo
379 3001 517 3051 veneno
534 2985 675 3052 mortua
692 2984 747 3050 est
765 2975 840 3050 vita
856 2986 990 3071 nostra,
1008 2979 1115 3051 etiam
1143 2999 1239 3050 mors
1256 2999 1318 3048 no·

224 3085 299 3153 ster
320 3081 455 3154 oooisor
481 3089 690 3156 moreretur.
719 3080 839 3154 Vitam
857 3080 972 3174 Adae,
999 3105 1064 3177 per
1089 3081 1229 3175 lignum
1257 3079 1317 3152 de-

224 3189 407 3278 structam,
433 3185 607 3257 Dominus
634 3185 828 3280 assumpsit
854 3189 890 3256 et
915 3184 954 3256 in
982 3185 1120 3280 lignum
1155 3181 1320 3276 elevavit,

225 3291 265 3358 ut
291 3285 395 3358 illum
420 3287 612 3360 adduceret
629 3287 732 3383 eique
760 3291 825 3362 sub
844 3287 912 3360 alis
938 3288 1075 3362 arboris
1097 3287 1192 3360 vitae
1221 3308 1320 3358 seeu-

224 3411 302 3462 ram
328 3389 582 3464 habitationem
609 3396 763 3488 pararet.
801 3390 879 3478 Quo
907 3390 965 3462 die
1002 3391 1145 3463 Christo
1189 3389 1319 3462 vulnus

225 3491 399 3566 inflictum
426 3501 493 3587 est,
519 3492 650 3568 vulnus
677 3493 839 3568 clausum
861 3500 897 3565 et
920 3493 1101 3589 signatum
1127 3500 1192 3565 est.
1211 3491 1319 3564 Feria

227 3601 341 3689 sexta,
374 3621 465 3691 quae
493 3597 638 3670 Christo
674 3597 793 3670 elavos
820 3596 963 3690 inffixit,
991 3596 1112 3670 olavos
1146 3619 1212 3692 per
1239 3618 1320 3667 eum

225 3697 264 3768 in
290 3697 414 3771 inferis
438 3701 607 3773 extraxit.
634 3701 734 3774 Inter
752 3701 853 3775 vivos
878 3700 973 3773 latus
996 3702 1072 3797 ejus
1099 3706 1262 3796 apertum
1281 3697 1319 3770 in

225 3799 350 3874 inferis
376 3824 462 3874 vero
489 3802 649 3875 clausum
678 3809 743 3876 est.
768 3805 816 3878 Et
841 3801 984 3896 vulnus,
1010 3801 1105 3898 quod
1130 3801 1318 3874 claudeba-

225 3910 394 3998 tur,eooe
412 3905 586 4000 quomodo
604 3912 686 4002 post
712 3907 834 3980 decem
856 3907 933 3980 dies
960 3905 1173 3980 dissolutum
1197 3911 1263 3996 est,
1283 3911 1320 3976 et

226 4006 360 4103 digiti³
378 4007 558 4080 intrarunt
576 4007 614 4080 in
631 4009 742 4082 illud!

308 4291 333 4346 1.
354 4290 459 4348 IRrs.
471 4291 519 4363 26,
537 4293 583 4348 lo.

306 4365 334 4422 2.
356 4367 459 4426 IOon.
477 4370 523 4441 15,
537 4370 585 4426 55.

306 4445 333 4500 3.
355 4445 478 4505 Scilicet
492 4447 634 4523 Apostoli
648 4448 793 4509 Thomas.
