3344 5200
368 392 438 462 258

262 525 264 529 ’
368 521 473 594 scidit
491 522 611 596 velum
632 521 765 618 templi.
784 521 832 593 Et
851 527 890 592 nt
908 519 1083 592 Dominus
1101 527 1329 614 monstraret,
1356 543 1394 592 se
1412 544 1460 594 ex

368 625 531 721 sepulcro
559 625 704 718 exiisse,
723 631 835 697 testes
861 624 980 696 exitus
1008 623 1063 702 sui
1080 625 1220 696 vocavit
1240 623 1371 719 justos,
1398 625 1461 720 qui

370 751 416 800 ex
435 729 609 823 sepulcris
629 728 703 800 suis
722 728 896 798 exierant.
923 727 1085 822 Uterque
1103 726 1215 822 igitur
1238 726 1357 799 exitus
1383 751 1462 800 mu-

367 837 429 902 tuo
449 854 487 903 se
506 831 735 926 praedicavit.
762 831 810 903 Et
827 831 911 924 quia
937 829 1062 900 ecdem
1088 829 1225 926 Spiritu
1255 852 1407 924 regnum
1425 837 1463 902 et

366 935 604 1008 sacerdotium
622 941 768 1006 unctum
786 939 822 1003 et
849 932 1105 1004 sanctificatum
1123 939 1212 1024 erat,
1234 932 1323 1004 exiit
1348 932 1463 1028 Spiri-

364 1043 423 1142 tus
443 1043 479 1109 et
496 1038 542 1110 ad
560 1037 746 1132 utriusque
763 1035 896 1108 fontem
915 1035 1032 1128 rediit,
1049 1042 1090 1106 ut
1107 1035 1304 1131 patefieret,
1323 1041 1462 1108 utrum-

364 1165 433 1235 que
463 1141 661 1214 exiecatnm
688 1162 767 1212 esse
794 1162 859 1234 per
886 1162 968 1211 eum
994 1139 1056 1234 qui
1081 1145 1271 1234 utrumque
1302 1135 1462 1211 abstulit

365 1242 455 1336 Nos,
474 1243 543 1315 etsi
563 1243 727 1335 sciamus,
746 1249 868 1314 nostro
887 1241 1000 1336 digito
1027 1241 1174 1314 minimo
1200 1240 1358 1314 abscisso
1384 1264 1462 1314 ccr-

364 1368 434 1440 pus
454 1345 583 1439 sanari,
603 1367 705 1418 secus
723 1366 809 1418 vero
827 1350 943 1416 totum
971 1343 1100 1440 perire,
1120 1350 1239 1416 tamen
1266 1344 1333 1416 hoc
1358 1345 1463 1418 nolu·

366 1472 445 1522 mus
472 1449 599 1542 facere,
626 1447 719 1544 quod
747 1447 849 1522 nobis
884 1446 1110 1544 profuturnm
1146 1469 1218 1518 non
1243 1447 1460 1543 ignoramus.

367 1549 466 1624 Deus
487 1559 618 1645 autern,
637 1551 754 1622 sciens
781 1557 894 1623 morte
914 1549 1000 1622 Filii
1026 1550 1082 1622 sui
1098 1551 1260 1622 homines
1289 1574 1369 1622 esse
1387 1551 1461 1623 vic-

366 1663 484 1748 turos,
504 1677 576 1726 non
602 1677 750 1728 avarsus
771 1660 840 1746 est,
865 1657 906 1724 ut
932 1653 1000 1724 hoc
1024 1652 1166 1725 faceret.
1187 1652 1262 1726 Cur
1284 1653 1384 1726 Deus
1409 1657 1461 1728 A·

365 1758 498 1830 brahae
519 1757 649 1830 multos
678 1780 800 1829 servos
818 1755 964 1829 habenti
990 1779 1062 1828 non
1078 1756 1273 1854 praecepit,
1292 1763 1333 1828 ut
1349 1781 1460 1832 unum
1485 1795 1488 1806 =

365 1883 412 1932 ex
429 1861 486 1934 his
501 1860 671 1934 offerret?
690 1859 783 1947 Quia
800 1883 900 1930 amor
917 1859 1086 1932 Abrahae
1104 1877 1171 1954 per
1194 1883 1339 1934 servum
1356 1883 1462 1933 suum

365 1986 437 2036 non
462 1964 700 2060 apparuisset,
719 1961 791 2034 filio
810 1962 887 2057 ejus
916 1983 1006 2057 opus
1034 1968 1121 2055 erat,
1140 1961 1177 2034 in
1196 1985 1266 2058 quo
1293 1987 1392 2036 amor
1418 1963 1464 2035 il-

364 2065 435 2138 lius
457 2069 576 2163 palam
593 2067 704 2138 fieret.
732 2066 790 2138 Ita
807 2072 843 2136 et
861 2064 960 2136 Deus
988 2065 1120 2138 multos
1145 2066 1299 2140 hahebat
1326 2083 1462 2162 servos,
1572 2054 1575 2062 ’

326 2219 328 2224 -
366 2175 402 2240 et
419 2193 484 2264 per
495 2169 641 2242 nullum
661 2192 708 2240 ex
726 2169 778 2240 eis
796 2166 1004 2249 charitatem
1022 2167 1060 2238 in
1086 2176 1269 2243 creaturas
1291 2169 1461 2264 ostendit,

365 2271 429 2347 sed
447 2296 513 2367 per
533 2272 665 2344 Filium
685 2293 788 2342 suum
806 2293 906 2343 suam
926 2293 1013 2364 erga
1030 2293 1095 2342 nos
1117 2271 1328 2344 charitatem
1344 2273 1460 2346 voluit

362 2375 581 2468 praedicare.
604 2374 703 2466 ulta,
731 2372 791 2464 ait,
811 2371 939 2444 dilexit
956 2371 1054 2445 Deus
1084 2375 1266 2466 mundum,
1284 2381 1325 2446 ut
1343 2383 1379 2448 et
1399 2375 1461 2449 Fi-

363 2476 451 2548 lium
472 2503 572 2551 suum
593 2475 818 2570 unigenitum
832 2475 975 2567 „,·etc.¹.
996 2475 1071 2549 Our
1091 2477 1185 2548 enim
1204 2477 1341 2551 creavit
1358 2478 1460 2552 Deus

363 2581 546 2676 mundum,
562 2580 633 2653 nisi
651 2603 697 2650 ex
715 2577 915 2650 charitate?
934 2578 983 2650 Et
999 2581 1134 2674 pariter
1152 2579 1190 2652 in
1209 2581 1380 2654 charitate
1398 2582 1458 2655 Fi-

363 2681 452 2754 lium
470 2685 603 2780 genuit.
619 2683 659 2756 Si
676 2682 793 2754 Adam
812 2705 883 2754 non
899 2683 1133 2776 peccavisset,
1146 2707 1215 2778 quo
1230 2685 1267 2756 in
1282 2691 1377 2756 statu
1394 2686 1468 2758 hor

361 2784 478 2859 mines
496 2793 726 2862 versarentur
739 2784 766 2878 ²,
791 2785 920 2858 Judaei
939 2785 1042 2858 nobis
1061 2794 1252 2882 exponant.
1275 2787 1460 2884 Similiter,

363 2888 394 2959 si
420 2891 550 2964 Judaei
577 2889 761 2962 Christum
787 2911 859 2958 non
889 2887 1115 2982 cecidissent,
1132 2889 1202 2962 alio
1229 2891 1333 2963 modo
1359 2891 1460 2966 Deus

363 2993 536 3088 populum
563 3000 600 3064 et
626 2999 755 3086 gentes
779 2991 962 3062 vivificare
990 2999 1141 3088 poterat.
1178 2994 1328 3067 Satanas
1354 2995 1471 3068 Adae-

320 3158 322 3162 .
363 3096 553 3168 consilium.
568 3095 716 3167 dederat
734 3116 778 3166 ex
798 3097 924 3166 arbore
952 3095 1172 3190 comedendi,
1190 3097 1274 3191 quia
1299 3101 1470 3194 putabat,

365 3221 403 3268 se
419 3199 449 3270 ei
466 3222 571 3294 posse
589 3221 729 3290 nocere,
745 3197 918 3291 ignorans
930 3197 1000 3268 Dei
1017 3199 1290 3294 providentiam,
1305 3201 1367 3296 qui
1384 3225 1461 3276 ma-

363 3299 440 3373 lum
458 3305 535 3400 ejus
552 3302 590 3373 in
608 3303 739 3374 bonum
759 3307 954 3393 convertet,
976 3301 1083 3396 juxte
1105 3301 1219 3375 illud:
1242 3325 1257 3358 α
1274 3305 1312 3376 Si
1331 3326 1461 3399 cogno·

363 3404 477 3476 visset
494 3404 660 3500 populus,
686 3427 758 3474 non
785 3403 920 3497 egisset
938 3403 975 3474 in
997 3425 1138 3478 crucem
1165 3405 1358 3478 Dominum
1384 3407 1461 3502 glo-

366 3505 441 3578 riae
459 3507 508 3580 »5.
528 3507 647 3594 Quum
666 3506 760 3577 enim
779 3505 834 3576 illi
853 3530 899 3577 ex
907 3507 1084 3601 injustitia
1103 3515 1349 3604 operarentur,
1368 3533 1458 3606 opus

366 3631 489 3682 eorum
507 3609 681 3681 Dominus
700 3609 737 3680 in
756 3631 855 3680 suam
875 3609 1026 3703 gloriam
1044 3611 1228 3684 convertit.

473 3711 675 3786 Stabant
702 3735 723 3783 a
749 3710 892 3807 longe
920 3713 1114 3808 cognati
1137 3715 1484 3812 Iesu,utimple·-

365 3819 477 3907 retur,
496 3817 590 3910 qnod
609 3815 742 3888 dictum
761 3821 840 3888 est:
862 3837 876 3872 a
896 3813 1050 3910 Cognati
1067 3815 1138 3888 mei
1156 3823 1193 3888 et
1212 3817 1369 3912 proximi
1389 3819 1461 3892 mei

365 3915 473 4012 longe
491 3917 635 3994 fuerunt
653 3943 674 3992 a
691 3941 748 3992 me
762 3916 812 3994 nl.
826 3921 923 3994 Ante
942 3920 1126 3992 sabbatum
1144 3919 1350 3994 oeciderunt
1366 3944 1462 4016 eum,

442 4153 471 4288 l·
489 4151 698 4290 lhorilellulli:
716 4229 904 4299 “Quomodo
919 4230 1094 4290 habitarent
1113 4231 1252 4291 homines
1266 4263 1293 4295 η.
1312 4229 1359 4290 of.
1370 4245 1462 4307 supe-

365 4309 428 4368 rius
443 4309 473 4364 in
488 4309 695 4384 explicatione
710 4309 749 4368 ad
763 4310 838 4370 Luc.
852 4312 879 4386 l,
890 4311 918 4382 6,
934 4309 1026 4370 dieta.
1041 4371 1043 4376 ,

443 4389 472 4522 l]
492 4385 684 4542 liiii?
