3344 5200
1255 428 1321 500 193

230 552 532 649 stistapis,
561 565 690 650 quem
731 557 1112 650 reprobaverunt
1152 555 1320 630 aedifi-

230 663 408 750 cantes,
428 658 532 753 ipse
559 658 714 730 factus
741 665 813 730 est
840 666 979 756 caput
1007 658 1205 754 anguli?
1224 658 1322 746 Qua*

231 759 277 832 lis
295 759 413 856 lapis?
431 761 469 834 Is
483 760 544 855 qui
557 761 686 832 dicitur
698 760 951 835 *adamantinus
976 762 1032 834 his
1046 763 1188 835 verbis:
1211 782 1226 818 a
1249 761 1319 836 Po-

231 885 278 934 uo
296 885 364 957 ego
381 863 605 936 adamantem
623 864 661 935 in
680 864 798 935 medio
824 865 978 937 filiorum
1008 865 1123 937 Israel
1141 903 1156 938 a
1174 863 1198 934 ⁴.
1215 863 1264 938 nt
1281 875 1322 938 ut

230 965 387 1058 doceret,
406 989 443 1038 se
474 966 591 1061 ipsum
622 967 717 1040 hunc
748 965 905 1063 lapidem
932 989 1022 1061 esse,
1040 975 1187 1064 propter
1213 965 1322 1066 hujus

230 1067 436 1142 firmitatem
468 1069 540 1141 ait:
574 1067 848 1165 Quicunque
874 1073 921 1142 in
960 1094 1059 1142 eum
1101 1069 1320 1165 offendit,

232 1173 582 1266 confringetur,
601 1179 646 1244 et
671 1195 814 1268 snper
840 1197 970 1268 quern
997 1175 1144 1265 cadet,
1169 1179 1322 1246 conte-

230 1281 307 1346 ret
333 1282 377 1348 et
415 1282 657 1348 consumet
697 1297 817 1368 eum,
857 1277 1036 1373 principes
1067 1276 1162 1348 enim
1196 1277 1322 1384 populi

231 1385 356 1451 contra
373 1400 455 1452 enm
472 1378 680 1472 congregati
698 1386 781 1450 sunt
798 1385 834 1450 et
851 1403 932 1456 eum
950 1379 1101 1477 perdere
1120 1379 1323 1472 voluerunt,

230 1481 317 1578 quia
329 1483 409 1579 ejus
424 1479 587 1556 doctrina
600 1481 652 1552 eis
670 1503 742 1554 non
755 1479 899 1576 placuit.
917 1483 965 1556 Et
978 1483 1111 1555 dictum
1127 1490 1203 1554 est:
1227 1482 1323 1556 aau-

231 1594 419 1681 per'qnem
437 1585 551 1677 cadet,
568 1591 727 1656 conteret
744 1591 781 1656 et
798 1593 982 1681 consumet
1003 1609 1083 1658 euin
1098 1625 1126 1682 a,
1144 1584 1229 1682 quia
1246 1607 1326 1658 sus-

230 1687 316 1760 tnlit
359 1687 597 1760 idololatriam
635 1695 672 1758 et
710 1683 780 1759 alia
817 1687 1030 1786 hujusmodi.
1074 1691 1111 1762 N
1113 1713 1170 1762 arn
1208 1686 1322 1784 lapis,

230 1791 293 1884 ait,
311 1791 373 1886 qui
389 1791 567 1887 percussit
584 1787 825 1884 simulacrum,
843 1791 956 1865 factus
975 1801 1030 1865 est
1048 1816 1148 1866 mons
1170 1797 1323 1884 magnus

233 1899 269 1965 et
287 1891 436 1990 impleta
454 1899 573 1966 estex
592 1915 633 1964 eo
651 1893 821 1968 universa
841 1902 940 1968 terra
952 1895 977 1966 ².

252 2003 256 2007 ’
338 1995 648 2069 Miseruntad
676 1997 1064 2095 cumdiscipulos
1088 2020 1194 2072 suos
1222 2017 1330 2068 cum

232 2097 549 2174 Herodianis:
586 2097 770 2171 Dentne
810 2097 1324 2196 tri‘butum?(Msrs.22,

235 2202 372 2295 16-22).
399 2200 493 2290 Quia
518 2201 710 2276 Dominum
737 2225 851 2298 regno
875 2203 990 2277 lsrael
1016 2205 1212 2300 potiturum
1244 2223 1324 2274 esse

227 2305 473 2400 crediderunt,
491 2325 600 2402 quum
627 2303 740 2376 filium
766 2307 884 2379 David
907 2330 988 2380 curn
1007 2312 1186 2398 vocarent,
1205 2305 1327 2378 volue-

233 2415 318 2480 runt
336 2409 470 2502 videre,
492 2415 612 2481 utrum
639 2407 812 2481 tributum
833 2409 982 2482 Caesari
1004 2409 1082 2482 dari
1102 2411 1258 2506 juberet.
1286 2407 1326 2480 Si

232 2511 328 2582 enim
365 2510 521 2584 diceret:
551 2509 645 2583 “Ne
671 2510 764 2584 detis
782 2551 818 2606 n,
846 2535 988 2586 oausam
1020 2535 1101 2584 eum
1136 2511 1326 2584 accusandi

234 2614 466 2709 inuenissent,
485 2614 653 2710 quoniam
672 2635 710 2684 se
737 2614 814 2710 ipse
840 2616 1063 2712 praedicaret
1080 2637 1212 2711 regem.
1240 2615 1325 2687 Non

233 2716 329 2789 enim
346 2717 435 2790 haee
451 2717 631 2818 dixerunt,
649 2721 690 2790 ut
707 2717 767 2789 eos'
786 2739 807 2789 a
826 2716 996 2791 solvendo
1017 2719 1151 2792 tributo
1169 2717 1327 2792 deterre-

232 2827 324 2912 rent,
343 2819 406 2893 scd
424 2827 464 2893 ut
482 2843 563 2894 eum
582 2821 793 2894 occiderent.
813 2821 865 2894 Ut
882 2828 1000 2894 autem
1024 2821 1076 2894 eis
1099 2828 1328 2914 monstraret,

233 2931 334 2996 suam
349 2925 547 2998 doctrinam
564 2923 621 2997 his
640 2923 746 2996 rebus
765 2923 984 3020 superiorem
1003 2947 1093 3016 esse,
1108 2930 1144 2994 et
1162 2921 1327 2997 saritam

233 3027 417 3102 hominum
430 3027 525 3101 velle
539 3049 695 3117 servare,
710 3023 819 3098 dicit:
838 3025 956 3098 Date
976 3025 1187 3120 Caesari,
1206 3026 1327 3122 quod

237 3135 311 3202 est
338 3129 589 3228 Caesaris,
618 3131 698 3204 sed
725 3129 830 3222 Deo,
858 3131 977 3226 quod
1005 3128 1203 3222 debetis,
1231 3128 1328 3200 red-

236 3232 336 3305 dite
365 3235 416 3308 ei.

240 3341 258 3380 V
341 3333 1329 3410 VeneruntSadducaeietdieunseiznon

237 3446 310 3512 est
345 3439 649 3513 resurrectio
689 3447 987 3512 mortuorum.
1012 3437 1150 3534 (Murra.
1174 3439 1240 3530 22,
1267 3439 1335 3510 23-=

237 3544 309 3624 33).
328 3543 513 3615 Vocantur
538 3543 599 3614 i'sti
626 3543 822 3618 Sadducaei
841 3544 863 3615 i.
888 3565 917 3614 e.
939 3543 1044 3638 justi,
1062 3563 1170 3637 quum
1190 3541 1330 3612 dicant:

236 3645 313 3718 Nos
339 3667 410 3718 non
437 3648 481 3719 ob
508 3646 709 3718 mercedem
735 3645 852 3718 Deum
877 3645 1043 3740 colimus,
1069 3645 1109 3718 hi
1136 3644 1232 3716 enirn
1258 3665 1331 3718 non

235 3747 434 3844 'respiciunt
452 3749 498 3820 ad
522 3749 722 3821 mercedem
746 3749 784 3820 in
810 3750 1070 3822 resurrectione
1096 3753 1330 3839 mortuorum,

237 3849 318 3922 ideo
349 3873 388 3923 se
419 3850 516 3947 ipses
544 3851 662 3948 justos
691 3859 830 3924 vocant.
872 3851 957 3924 Sine
988 3849 1173 3944 mercede,
1195 3851 1332 3942 dicunt,

237 3959 597 4050 oportetnosamare
616 3951 773 4026 Deum5.
799 3953 990 4049 Moyses
1016 3951 1332 4050 praeceptor*

238 4057 373 4132 nobis
407 4057 669 4131 mandatum
696 4056 853 4128 dedit:
882 4057 1052 4153 Siquis
1084 4077 1252 4130 carens
1278 4053 1332 4126 li·

237 4273 240 4278 ·
318 4263 345 4320 l.
368 4259 809 4336 cf.1s.54,12,velnz.e‚s.
899 4331 902 4334 Ι

317 4345 346 4400 2.
368 4343 446 4401 Dar·
458 4344 487 4414 2,
502 4341 551 4400 35.

319 4427 348 4481 3.
370 4421 399 4482 S·
413 4424 521 4480 auctor
535 4419 573 4478 de
588 4417 775 4476 Sadducaeis
789 4417 879 4494 plura
892 4417 923 4474 in
937 4417 997 4476 fine
1013 4417 1115 4494 operis
1130 4415 1235 4478 refert.
1329 4444 1332 4449 ·

318 4501 347 4558 4.
370 4499 419 4558 Ad
431 4499 577 4559 verbum:
595 4495 799 4557 “Patriaroha
811 4526 837 4573 a,
852 4499 886 4556 ut
900 4498 932 4556 et
947 4496 1071 4556 Aucher
1090 4495 1195 4557 vertit.

1133 4577 1180 4648 13
