3344 5200
1220 396 1407 523 aaa,

175 579 180 614 2
209 531 405 630 Apostolus
435 529 488 606 de¹
510 534 661 610 Domino
693 533 842 630 loquens
872 535 1054 606 testatur:
1088 529 1202 628 “Ipse
1233 537 1289 604 cst

209 635 326 732 imago
343 636 477 713 formae
494 637 562 712 Dei
579 624 769 714 invisibilis
786 677 802 714 a
818 643 883 710 cto.
900 635 924 710 ¹.
966 691 980 716 „

280 805 282 810 .
312 739 398 830 Qui
425 743 653 816 eredit-in
691 765 772 834 me,
795 763 947 837 opera,
974 761 1089 834 quae
1118 761 1202 831 ego
1228 737 1288 812 fa-

110 875 116 890 *
209 844 294 939 oio,
317 851 361 920 et
386 847 488 942 ipse
514 847 670 920 faciet.
697 845 770 921 Ubi
788 867 874 939 ergo
892 850 948 915 est
962 842 1053 918 illud
1067 841 1212 918 :silon
1232 849 1292 914 eet

207 949 319 1045 major
345 947 541 1048 discipulus
571 947 798 1048 magistro²l
829 947 900 1022 Sed
930 966 1021 1040 ecoe,
1039 945 1182 1041 Moyses
1212 945 1290 1018 tres

207 1057 345 1126 tantum
362 1078 467 1150 reges
497 1054 684 1150 interfecit,
700 1055 725 1126 J
726 1076 811 1128 oeue
829 1057 948 1124 autem
964 1051 1133 1146 triginta,
1153 1055 1201 1122 et‘
1212 1048 1289 1144 ille,

207 1153 292 1228 licet
309 1157 460 1254 supplex
477 1165 633 1254 rogaret,
652 1159 838 1232 interram
855 1155 1066 1254 promissam
1083 1176 1155 1225 non
1177 1153 1290 1226 intra·-

207 1259 270 1355 vit,
294 1262 403 1335 Josue
432 1269 550 1336 autem
579 1261 726 1338 intravit
744 1269 782 1333 et
808 1257 1063 1341 haereditatem
1096 1257 1286 1340 distribuit.

209 1362 352 1444 Samuel
372 1365 488 1462 major⁴
500 1373 577 1440 erat
593 1367 756 1442 omnibus
775 1363 848 1440 suis
866 1364 1015 1436 coaevis.
1034 1356 1204 1434 elisaeus
1225 1361 1290 1433 du·

207 1467 305 1569 plum
336 1471 500 1566 magistri
531 1469 585 1544 sui
602 1477 683 1567 post
701 1492 885 1542 assensum
917 1467 991 1563 ejus
1019 1464 1164 1562 aceepit,
1180 1459 1289 1561 idlpua

205 1573 242 1643 in
260 1572 527 1648 similitudinem
545 1574 687 1647 Domini
705 1571 899 1656 Salvatoris
916 1570 1041 1664 nostri,
1066 1570 1165 1668 cujus
1183 1569 1288 1642 disci·

86 1761 90 1772 ¹
204 1675 280 1772 puli
297 1701 363 1774 per
382 1677 486 1774 signa
503 1701 568 1773 sua
586 1677 694 1774 duplo
711 1677 825 1774 majus
842 1675 978 1772 operati
995 1681 1087 1754 sunt.

195 1855 201 1870 ,
246 1825 248 1828 ·
307 1783 352 1856 In
370 1781 531 1856 omnibus
550 1781 749 1856 hominibus
769 1803 868 1854 suam
886 1785 1024 1878 partem
1044 1778 1196 1852 habebat
1220 1773 1288 1852 ini-

203 1883 334 1981 micae,
351 1891 489 1958 tantum
500 1881 538 1960 in
550 1885 701 1958 Domino
719 1907 790 1956 non
807 1881 1011 1979 habuit,qui
1029 1881 1138 1956 dixit:
1153 1881 1287 1978 Apud

203 2009 269 2060 me
286 2013 373 2063 non
390 1989 578 2070 invenit
595 1987 843 2086 quidquam
866 2011 1005 2078 suurn,
1025 1992 1170 2080 etego
1188 1985 1287 2058 visi

203 2093 425 2168 mundum.
453 2091 523 2168 Sed
541 2092 635 2166 dono
655 2088 793 2188 judieii,
816 2091 910 2189 quod
941 2089 1076 2186 accepit
1101 2087 1287 2184 Dominus,

206 2191 372 2292 discipuli
390 2219 528 2293 quoque
546 2196 768 2294 participant.
787 2195 889 2269 Dixit
907 2195 1014 2288 enim,
1029 2193 1111 2266 illos
1138 2215 1215 2268 esse
1227 2195 1291 2292 ju7

200 2296 381 2376 dicaturoe
395 2299 422 2393 ³,
440 2307 481 2372 ut
499 2299 711 2392 ostenderet,
738 2324 810 2374 non
836 2301 950 2374 solum
970 2298 1087 2372 Deum
1103 2297 1231 2372 vicisse
1250 2304 1288 2370 et

197 2399 370 2497 judicare,
385 2403 449 2477 sed
468 2409 503 2476 et
520 2403 681 2476 homines
695 2404 822 2478 vicisse
841 2411 877 2476 et
888 2403 1049 2500 judicare
1068 2425 1139 2496 eos,
1158 2401 1229 2498 qui,
1246 2409 1287 2474 ut

202 2503 268 2600 illi,
282 2506 427 2602 ,vincere
444 2506 654 2603 potuissent,
673 2507 736 2580 sed
753 2513 1000 2585 recesserunt:
1022 2505 1130 2580 Viri
1150 2504 1287 2601 justi,

205 2608 570 2706 ait,judicabunt
596 2609 717 2684 eost.

306 2713 393 2802 Qui
428 2737 517 2788 non
554 2713 695 2788 habet
736 2713 948 2809 gladium
988 2737 1127 2806 suum,
1168 2719 1289 2786 emat

203 2814 296 2890 sibi
318 2816 539 2912 gladium,
557 2817 651 2914 quod
669 2817 771 2912 dixit,
789 2823 830 2890 ut
856 2839 915 2890 eos
933 2817 1126 2890 instrueret
1143 2817 1288 2892 humili-

202 2926 286 2994 tate.
313 2921 405 2994 Ecce
431 2945 539 2996 unum
568 2944 614 2993 ex
639 2920 713 2994 illis
741 2921 870 3018 gladiis
896 2921 1019 2994 Simon
1044 2921 1207 3011 habebat,
1234 2928 1286 3016 ut,

202 3049 311 3120 quum
338 3025 453 3100 zelum
482 3049 583 3097 suum
610 3023 728 3119 gladio
755 3032 962 3110 ostensurus
988 3031 1092 3118 esset,
1112 3023 1286 3098 Dominus

203 3153 283 3202 eum
301 3129 444 3204 doceret
456 3131 566 3202 rerba
579 3128 801 3226 Scripturas:
818 3152 832 3188 e
850 3128 919 3216 Qui
935 3125 1088 3228 percutit
1101 3128 1285 3203 maxillam

202 3239 300 3306 tuam
317 3273 332 3308 a
349 3231 374 3306 ⁵.
405 3231 504 3308 Haeo
534 3233 628 3306 enim
662 3236 773 3308 verba
802 3233 924 3308 Simon
953 3233 990 3310 in
1022 3255 1086 3304 sua
1116 3233 1287 3306 charitate

203 3336 335 3410 oblitus
354 3343 439 3410 erat.
458 3337 534 3411 Aut
550 3336 617 3409 hoc
634 3337 738 3432 dixit,
754 3343 794 3412 nt
812 3337 845 3409 ei
867 3335 1080 3430 ostenderet,
1099 3338 1193 3433 quod
1215 3359 1289 3410 non

202 3445 353 3535 tantum,
372 3440 512 3540 quando
529 3440 732 3538 hujusmodi
749 3465 808 3515 res
830 3463 901 3514 non
917 3441 1124 3534 habeamus
1141 3447 1203 3513 aut
1226 3441 1290 3516 lra-

202 3545 286 3618 bere
313 3569 385 3618 non
410 3545 598 3642 possimus,
617 3548 660 3620 ab
688 3547 739 3620 eis
767 3543 1016 3640 abstineamus,
1041 3540 1103 3617 sed
1129 3551 1165 3618 et
1192 3551 1288 3640 tunc,
1386 3602 1388 3608 .

201 3647 341 3742 quando
361 3673 421 3723 eas
437 3649 629 3729 habeamus
648 3673 790 3747 eaeque,
810 3655 850 3724 ut
868 3647 1019 3744 gladius,
1045 3648 1106 3746 qui
1126 3647 1163 3723 in
1181 3673 1288 3723 manu

202 3756 265 3822 tua
282 3757 347 3843 eet,
361 3751 399 3821 in
412 3759 578 3846 promptu
597 3753 678 3849 sint,
692 3754 803 3828 nihilo
816 3753 933 3826 minus
951 3753 1029 3830 istis
1048 3776 1119 3826 non
1134 3758 1286 3826 utamur.

201 3851 250 3925 Et
267 3859 307 3925 ut
335 3853 560 3951 patefaceret,
587 3879 625 3928 se
653 3856 900 3930 admonitionis
928 3879 1043 3948 eausa,
1069 3880 1141 3930 non
1168 3863 1286 3930 autem

202 3963 348 4056 propter
373 3956 508 4032 bellum
525 3959 569 4030 de
597 3959 726 4056 gladiis
754 3983 952 4036 sermonem
970 3959 1107 4056 fecisse,
1126 3961 1286 4036 addidit:

282 4193 308 4248 1.
330 4189 402 4250 Son.
418 4193 444 4266 1,
461 4191 507 4249 15.

253 4315 255 4321 ,
280 4270 310 4328 2.
330 4269 501 4342 Lucam.

279 4349 307 4406 3.
327 4349 399 4408 Luc.
413 4351 463 4420 22,
477 4352 525 4410 30.
668 4360 673 4374 ’

278 4429 307 4485 4.
327 4426 438 4487 Ezncn.
454 4429 501 4500 23,
516 4429 564 4489 45.
657 4493 659 4498 ,

280 4509 307 4564 ὅ.
327 4505 425 4568 Mnus.
441 4507 469 4584 5,
483 4509 531 4567 39.
