3268 5220
1199 380 1245 449 55

162 507 301 594 stabunt
318 512 357 578 et
376 505 634 602 significabant,
653 509 688 574 et
708 502 747 574 in
774 502 838 574 hos
856 501 1029 578 Dominus
1051 504 1246 582 doctrinam

164 610 360 706 magisterii
378 611 435 684 sui
452 609 607 702 immisit,
625 614 665 680 ut
682 607 896 700 ostenderet,
916 631 952 680 se
971 608 1009 680 in
1023 609 1083 682 via
1094 611 1187 707 legis
1209 622 1245 687 et

162 715 416 811 prophetarum
441 713 584 812 quidem
610 711 763 805 venisse,
795 712 857 784 sed
884 711 922 784 in
947 713 1039 786 hano
1064 715 1180 810 finem,
1206 723 1247 790 ut

160 818 276 890 omnia
292 841 359 915 per
378 843 480 891 suum
496 816 739 912 magisterium
756 821 920 910 mutaret,
934 817 1037 890 sicuti
1054 815 1103 891 ibi
1116 843 1245 916 aquam

160 920 196 992 iu
212 921 338 994 vinum
355 923 515 994 mutavit.

261 1025 311 1097 Et
329 1026 424 1121 quod
440 1025 543 1097 dicit:
566 1023 724 1098 Omnis
748 1023 879 1095 homo
901 1024 1067 1098 bonum
1089 1025 1246 1100 vinum

161 1127 295 1224 prius
323 1130 531 1225 apponit,
559 1126 728 1201 deinde
754 1126 871 1220 leve,
902 1135 942 1199 ut
958 1128 1184 1226 patefaceret,
1203 1154 1247 1204 ea

159 1255 248 1328 quae
276 1240 556 1328 praecesseraut,
592 1230 694 1328 quasi
728 1232 971 1327 promptuaria
1006 1231 1127 1327 fuisse,
1162 1235 1246 1330 quia

162 1336 255 1408 ulex
282 1359 348 1432 per
375 1337 525 1433 Moysen
551 1337 635 1409 deta
660 1341 725 1428 est,
752 1337 868 1429 gratia
885 1342 921 1406 et
937 1336 1070 1409 veritas
1096 1361 1161 1432 per
1186 1339 1242 1411 Ie-

160 1463 237 1511 sum
254 1439 348 1512 facta
365 1448 420 1512 est
438 1479 465 1516 s.
495 1441 653 1538 Sponsus
678 1438 859 1511 terrestris
886 1438 1052 1514 invitavit
1077 1463 1246 1536 sponsum

157 1543 362 1638 coelestem,
390 1550 426 1614 et
451 1545 625 1616 Dominus
652 1542 697 1614 ad
723 1542 866 1638 nuptias
901 1551 1047 1640 paratus
1074 1545 1173 1616 venit
1199 1544 1245 1618 ad

157 1647 312 1742 nuptias.
335 1647 511 1722 Invitatus
538 1655 592 1720 est
610 1670 632 1718 a
648 1647 943 1740 recumbentibus,
970 1647 1031 1744 qui
1057 1646 1246 1722 universae

158 1757 276 1824 terrae
295 1750 333 1822 in
351 1775 461 1846 reguo
481 1776 543 1824 suo
557 1773 716 1824 mensam
734 1756 924 1845 paraturus
938 1759 1025 1846 erat,
1044 1750 1165 1846 eisque
1183 1752 1244 1824 do·

157 1877 242 1926 num
258 1854 357 1926 dedit
370 1855 541 1950 nuptiale,
555 1877 623 1950 quo
637 1853 908 1926 delectarentur.
922 1854 1005 1927 Non
1018 1854 1154 1951 sprevit
1167 1857 1244 1954 ejus

157 1958 340 2054 opulentia
350 1966 595 2054 paupertatem
608 1981 729 2031 eorum
743 1958 804 2052 qui
816 1982 861 2030 ne
874 1957 954 2030 leve
964 1958 1107 2055 quidem
1120 1959 1243 2033 vinum

153 2061 260 2156 juxta
286 2061 517 2134 invitatorum
550 2084 737 2134 numerum
772 2083 949 2158 apponere
979 2069 1182 2158 potuerunt,
1209 2071 1245 2136 et

158 2165 227 2238 uisi
240 2165 295 2238 eis
309 2165 492 2262 paululum
511 2189 557 2238 ex
575 2164 792 2238 abundantia
803 2166 879 2262 ejus
894 2165 1103 2260 effluxisset,
1122 2167 1244 2240 sitien-

158 2275 211 2342 tes
231 2276 268 2341 et
286 2270 408 2342 tristes
427 2294 448 2340 a
465 2292 574 2342 coena
593 2267 844 2342 surrexissent.

264 2373 336 2446 Sed
354 2381 390 2446 et
406 2373 580 2446 Dominus
596 2371 755 2446 vicissim
773 2395 832 2444 cos
850 2371 1015 2448 invitavit
1029 2373 1074 2447 ed
1091 2371 1245 2472 nuptias,

159 2476 348 2573 sicutipse
367 2500 446 2550 cum
465 2477 649 2574 discipulis
671 2475 841 2550 invitatus
860 2484 945 2550 erat.
972 2480 1143 2552 Attamen
1159 2479 1244 2552 licet

157 2579 337 2676 frequeter
355 2604 498 2654 mensae
511 2605 634 2656 eorum
651 2583 884 2674 accumberet,
898 2582 1036 2654 animae
1054 2589 1173 2656 temen
1185 2607 1243 2656 eo·

157 2709 238 2756 rum
254 2708 414 2757 mensam
432 2685 508 2782 ejus
529 2690 751 2781 spreverunt,
778 2683 868 2756 sicut
886 2691 921 2757 et
941 2682 1103 2782 patribus
1122 2711 1244 2760 eorum

158 2811 290 2860 menna
306 2788 344 2859 in
363 2789 503 2862 deserto
521 2784 636 2862 taedio
655 2794 741 2862 erat.
767 2787 901 2882 Augeli
919 2789 1104 2862 demensa
1127 2792 1245 2864 Abra-

156 2891 253 2963 hami
271 2901 307 2964 et
323 2892 418 2965 Loth
435 2892 755 2984 manducaverunt,
770 2889 820 2962 ita.
837 2897 872 2962 et
885 2891 1057 2966 Dominus
1071 2916 1151 2966 cum
1169 2893 1243 2967 11111

157 2995 371 3070 manducare
389 3001 425 3066 et
441 2997 562 3070 bibere
588 3019 660 3068 non
677 2993 946 3089 dedignabatur.
964 2995 1025 3069 1111
1042 3020 1124 3068 eum
1152 2996 1243 3072 invi-

158 3105 280 3172 tarunt
297 3105 334 3172 et
350 3099 449 3173 veuit
466 3100 512 3172 ad
530 3121 610 3196 eos,
628 3098 757 3195 etipse
776 3121 836 3172 eos
853 3097 1020 3174 invitavit
1037 3106 1072 3172 et
1090 3099 1134 3172 ad
1152 3125 1244 3199 nup-

158 3201 226 3288 tias
244 3203 322 3298 ejus
340 3203 463 3276 venire
489 3202 689 3276 noluerunt.
715 3201 776 3274 1111
794 3210 966 3277 vocarunt
983 3227 1074 3296 eum,
1095 3227 1161 3276 neo
1181 3207 1242 3278 ab·

157 3307 247 3402 nuit,
269 3307 347 3402 ipse
368 3307 509 3380 vocavit
526 3327 597 3401 eos,
615 3312 651 3378 et
668 3328 812 3378 coenam
830 3307 905 3403 ejus
923 3309 1132 3381 abnuerunt.
1159 3308 1243 3405 Ipse

156 3408 344 3484 honoravit
358 3410 578 3504 invitatores,
605 3407 659 3484 illi
676 3415 794 3482 autem
812 3409 1052 3508 despexerunt
1074 3410 1240 3484 invitato-

157 3536 226 3587 res.
244 3515 329 3610 Ipse
347 3515 516 3611 gaudium
533 3514 673 3612 paravit
692 3513 863 3608 invitatis,
891 3521 927 3587 et
953 3515 1009 3587 illi
1036 3515 1242 3604 oeciderunt

158 3639 281 3691 servos
298 3619 385 3714 ejus.
411 3619 495 3716 Ipse
520 3617 682 3716 implevit
708 3617 881 3690 defectum
898 3616 937 3691 in
952 3617 1099 3716 nuptiis,
1126 3627 1161 3690 et
1187 3619 1243 3691 illi

157 3730 372 3819 respuerunt
389 3746 510 3796 omnes
528 3723 624 3796 cibos
642 3723 728 3819 ejus.
746 3721 830 3817 Ipse
852 3721 936 3794 vino
954 3724 1046 3794 bono
1064 3721 1242 3796 11111111-

158 3823 287 3920 ficavit,
305 3825 360 3898 illi
379 3833 496 3900 autem
523 3850 604 3898 eum
630 3826 888 3900 exacerbarunt
906 3825 999 3898 etad
1017 3825 1106 3898 irem
1128 3826 1243 3900 conci-

158 3933 298 4024 terunt,
311 3955 382 4027 pro
399 3930 482 4004 rino
501 3926 710 4004 suavissimo
728 3927 762 3999 ei
781 3926 955 4001 dederunt
972 3928 1021 4000 fel
1039 3935 1075 4000 et
1092 3937 1240 4004 acetum.

262 4033 439 4107 invitatus
458 4033 630 4107 Dominus
648 4055 720 4104 non
735 4031 835 4106 venit
852 4053 932 4104 cum
949 4032 1097 4128 reliquis
1116 4033 1244 4107 invita-

160 4135 219 4229 tis,
239 4137 300 4234 qui
328 4161 409 4212 eum
435 4142 706 4234 praevenerunt,
732 4142 773 4208 ut
796 4130 918 4209 vinum
932 4131 1085 4234 primum
1107 4142 1142 4209 et
1163 4136 1243 4208 leve

160 4248 424 4336 consumerent,
443 4241 525 4314 dein
537 4241 614 4338 ipse
626 4239 736 4334 venit,
753 4247 793 4312 ut
810 4239 932 4312 viuum
950 4239 1093 4313 afferret
1106 4239 1243 4313 suavis·

161 4344 300 4418 simum.
331 4345 422 4419 Cum
440 4344 521 4418 aliis
537 4342 706 4419 invitatus
726 4349 780 4416 est
797 4342 982 4438 Dominus,
1008 4342 1094 4440 quin
1119 4343 1243 4417 habitu

160 4471 223 4525 suo
241 4451 285 4526 ab
304 4449 356 4526 eis
375 4448 545 4546 differret,
562 4448 713 4548 fecitque
730 4445 1064 4545 mirabile-signum,
1090 4469 1159 4544 quo
1185 4469 1242 4520 co-
