3330 5200
1244 321 1311 396 149

217 447 393 526 Dominus
411 473 534 526 omnes
551 450 654 548 leges
672 475 719 526 ex
732 451 858 527 ordine
877 451 1093 549 observavit,
1107 475 1176 550 quo
1195 459 1315 526 osten-

216 555 282 647 dit,
299 579 362 629 eas
380 580 460 630 esse
478 557 742 651 custodiendae,
759 564 799 629 ut
816 557 918 652 leges
937 560 981 630 ab
1007 557 1087 653 ipso
1115 557 1314 629 custoditae

218 681 302 731 suos
320 659 562 734 destructores
581 661 869 734 condemnarent.
897 661 1100 736 Nonnullae
1118 666 1237 732 autern
1263 659 1315 730 le-

217 785 283 858 ges
302 763 409 835 solvit
434 762 471 836 iu
488 766 632 856 bonum,
649 771 689 835 ut
707 763 862 858 doceret,
886 787 924 836 se
952 787 1127 835 summam
1154 761 1314 835 omnium

216 889 337 938 rerum
354 866 486 940 habere
505 873 731 962 potestatem,
749 874 855 962 atque
874 889 939 964 per
954 867 1177 939 sanationem
1196 866 1314 938 decla-

217 975 325 1062 raret,
353 991 391 1042 ee
419 969 622 1042 Dominum
639 991 717 1042 esse
744 969 848 1066 legis,
875 969 960 1066 quia
985 991 1043 1042 res
1070 976 1211 1041 creatae
1244 968 1316 1064 ipsi
1350 1047 1354 1054 ,

217 1071 443 1162 obediebant,
461 1073 588 1172 quiex
604 1072 790 1147 voluntate
817 1072 938 1146 Patris
964 1078 1179 1170 potestatem
1205 1071 1317 1144 habet

219 1197 328 1271 super
346 1177 543 1248 sabbatum.

324 1278 471 1352 Sabbati
497 1279 610 1376 igitur
640 1276 816 1350 solutione
847 1277 1109 1374 cognoscimus,
1139 1277 1221 1373 quis
1252 1275 1316 1348 illc

219 1378 278 1472 sit,
296 1380 358 1476 qui
389 1381 503 1453 dixit:
527 1382 668 1454 “Pater
693 1404 795 1454 meus
819 1404 934 1477 usque
965 1381 1070 1453 hodie
1101 1385 1271 1476 operatur
1288 1418 1317 1454 a.

221 1481 335 1556 Porro
354 1483 410 1556 his
427 1485 548 1558 verbis
575 1483 761 1578 redarguit
786 1485 952 1577 Iudaeos,
971 1485 1065 1580 quod
1083 1484 1153 1580 ipsi
1180 1506 1252 1556 non
1279 1483 1318 1554 in

221 1586 351 1658 bouum
382 1586 502 1683 legem
532 1588 722 1661 solverent.
753 1589 838 1660 Non
869 1588 963 1659 euim
994 1611 1056 1659 eos
1087 1586 1317 1683 vituperavit,

219 1690 316 1783 quod
345 1690 590 1786 unusquisque
626 1690 767 1762 asinum
797 1697 834 1762 et
858 1691 1062 1786 jumentum
1101 1689 1317 1785 adaquatum

222 1791 380 1884 duceret,
399 1792 506 1864 immo
525 1793 644 1890 potius
663 1815 724 1865 eos
743 1793 874 1887 docuit,
895 1795 1027 1866 bouum
1058 1815 1149 1885 esse,
1168 1795 1263 1866 bona
1281 1814 1318 1862 o·

223 1894 346 1988 perari
363 1894 420 1966 die
440 1897 588 1969 sabbati.
607 1895 865 1969 Testimonium
885 1899 929 1969 ab
948 1893 1036 1992 ipsis
1059 1893 1127 1970 sibi
1154 1895 1317 1991 sumpsit.
1361 1950 1363 1954 -

223 1997 324 2070 Licet
350 2005 452 2070 caute
480 2022 562 2072 eum
588 2001 822 2072 observarent
839 2006 876 2071 et
894 2000 1096 2072 occasiones
1122 2005 1320 2095 captarent,

223 2123 405 2196 nunquam
419 2103 620 2200 praeceptis
634 2101 754 2174 Patris
774 2103 830 2174 sui
847 2103 1048 2175 contrarius
1067 2103 1235 2174 inventus
1254 2107 1320 2179 est.

223 2203 276 2274 At
292 2204 376 2300 quia
391 2204 462 2302 ipsi
487 2205 604 2300 legem
631 2205 774 2276 omnino
791 2227 863 2277 non
884 2207 1132 2298 observabant,
1159 2205 1241 2276 ideo
1260 2225 1321 2276 eos

222 2305 401 2378 demedio
420 2308 575 2380 sustulit.
603 2307 699 2380 Vide
731 2308 900 2380 mandata
930 2309 1133 2401 constricta,
1153 2332 1245 2404 quae
1278 2305 1322 2378 li-

225 2415 311 2504 gata
340 2417 425 2482 sunt
443 2419 480 2483 11
506 2411 606 2484 nullo
637 2411 741 2482 modo
769 2411 969 2505 solvuntur,
997 2419 1033 2484 11
1059 2411 1142 2484 vide
1175 2411 1258 2504 alia,
1276 2411 1322 2482 ab

226 2512 305 2610 ipso
321 2513 530 2608 legislatore
549 2514 672 2586 multis
691 2513 806 2588 modis
827 2515 956 2586 soluta.
976 2514 1096 2604 Quum
1115 2521 1234 2586 autem
1261 2536 1324 2610 po·
1420 2549 1426 2564 ·

224 2615 331 2711 pulus
343 2617 494 2710 veniret,
508 2617 570 2712 qui
589 2617 626 2689 id
638 2616 734 2713 quod
753 2639 881 2713 scopus
900 2625 977 2690 1111
995 2618 1152 2690 instituti
1174 2615 1324 2709 sabbati,

226 2741 292 2803 sua
317 2725 443 2816 sponte
461 2721 624 2812 faciebat,
642 2721 830 2792 sabbatum
857 2721 1081 2794 necessitatis
1108 2724 1321 2815 abrogatum

224 2829 291 2914 est,
309 2830 350 2894 ut
367 2847 457 2919 opus
474 2823 652 2896 libertatis
670 2831 870 2918 appareret.
899 2823 1066 2898 Scrutare
1094 2845 1181 2918 ergo
1199 2844 1322 2896 veram

225 2923 364 2998 sabbati
394 2926 720 3022 11111111111111111111
746 2951 754 3020 ;
794 2927 963 3000 videlieet
993 2950 1039 2998 ex
1070 2925 1320 2999 observatione

225 3027 303 3122 ejus
321 3028 500 3122 discimus,
518 3052 609 3124 quae
628 3029 674 3100 111
688 3028 853 3104 voluntas
868 3031 943 3127 ejus
962 3029 1023 3125 qui
1039 3030 1158 3124 legem
1182 3025 1322 3102 sabbati

229 3127 338 3202 dedit.
357 3133 483 3228 Itaque
503 3133 534 3204 si
560 3131 639 3228 quis
672 3132 749 3204 sine
781 3132 956 3208 sabbat0²
976 3140 1103 3228 sponte
1136 3133 1323 3206 sabbatum

134 3283 139 3294 .
226 3234 404 3328 observat,
430 3257 549 3308 nonne
578 3231 657 3306 1115
679 3234 828 3308 libertas
856 3235 1047 3334 spirituum
1073 3235 1188 3334 pluris
1216 3232 1323 3307 11111-

227 3337 358 3410 manda
374 3345 441 3432 est,
459 3361 565 3434 quam
583 3337 778 3410 necessitas
798 3339 968 3413 sabbatii

332 3440 466 3514 Sicut
504 3441 648 3512 Pater
688 3441 831 3514 vitam
883 3443 1030 3516 habet
1070 3441 1117 3514 in
1160 3445 1322 3512 semet-

229 3540 346 3639 ipso,
364 3543 433 3616 ita
458 3550 503 3616 et
529 3541 656 3614 Filio
675 3543 817 3617 dedit.
838 3545 876 3618 si
893 3569 1047 3643 persona
1064 3543 1184 3617 Patris
1205 3542 1325 3618 aliena

311 3776 338 3831 1.
358 3772 409 3832 Ad
422 3772 570 3836 verbum:
594 3776 704 3852 “Opus
720 3777 882 3840 sabbatis.
907 3775 967 3837 sed
984 3790 1107 3854 copus„
1124 3777 1155 3834 in
1175 3775 1233 3834 hac
1247 3771 1323 3832 111·

229 3850 368 3928 phraemi
381 3853 526 3912 versione
538 3871 765 3929 nonnumquam
780 3857 943 3914 essentiam
956 3855 1001 3912 rei
1016 3856 1146 3931 alicujus
1162 3853 1323 3929 signifieat.

229 3932 396 4006 Sequentia
419 3932 478 3990 boc
502 3933 591 3992 modo
614 3933 773 4007 intelligo:
798 3935 847 3992 Ex
871 3953 909 3993 eo
934 3934 1016 4009 qued
1038 3933 1189 4010 Ecclesia,
1211 3929 1326 3990 Christi

232 4010 406 4086 exemplum
422 4025 565 4086 sequena,
579 4029 634 4070 suo
648 4011 738 4070 modo
754 4013 917 4070 sabbatum
942 4013 1097 4084 observat,
1113 4012 1172 4068 etsi
1185 4011 1254 4086 lege
1272 4025 1325 4064 an-

230 4088 308 4164 tiqui
329 4089 511 4147 testamenti
532 4109 594 4157 non
615 4089 656 4146 sit
676 4090 835 4162 obstricta,
857 4089 1052 4167 perspicitur,
1066 4091 1165 4147 Deum
1188 4089 1219 4146 in
1242 4099 1323 4144 novo

230 4167 369 4226 Foedere
384 4184 445 4225 non
468 4168 565 4226 totam
587 4168 689 4243 legem
714 4169 835 4227 sabbati
857 4167 1034 4245 abrogasse,
1053 4168 1108 4225 sed
1132 4165 1323 4226 coactionem

229 4245 372 4319 legalem,
387 4263 466 4320 quae
484 4248 552 4305 1111
563 4247 595 4304 in
608 4248 733 4321 antiquo
746 4247 945 4321 testamento,
959 4247 1133 4304 sustulisse.

312 4327 342 4382 2.
362 4323 399 4381 Id
413 4326 480 4382 est:
497 4325 563 4383 sine
575 4325 645 4398 lege
659 4323 791 4399 sabbati,
806 4325 904 4401 qualis
919 4327 988 4384 erat
1001 4324 1081 4400 apud
1095 4321 1239 4382 Iudaeos.

313 4405 343 4460 3.
364 4399 414 4461 Ad
428 4403 572 4462 verbum:
590 4402 736 4466 1111111.
750 4403 837 4462 Haec
851 4422 914 4462 vox
926 4403 957 4460 in
973 4402 1040 4462 cod.
1053 4402 1082 4460 A
1096 4401 1199 4460 deleta
1213 4399 1270 4458 111
