3344 5200
371 369 445 440 ‘270

375 499 521 592 sionem,
542 503 731 596 antequam
750 503 945 596 pateretur,
968 501 1004 568 et
1031 521 1130 570 suam
1158 495 1468 586 resurrectionem,

375 607 566 696 antequam
593 609 809 697 resurgeret,
827 602 877 674 ita
898 601 965 674 hoc
991 601 1068 672 loco
1095 599 1339 673 ascensionem
1366 622 1468 673 suam

374 704 488 777 voluit
514 704 731 800 praedicere.
758 704 954 800 Postquam
969 703 1100 799 ‘itaque
1129 703 1242 776 dixit:
1263 725 1279 760 α
1297 703 1383 778 Noli
1409 725 1469 774 me

377 814 526 904 tangere
546 847 575 900 e,
594 831 688 881 nova
714 807 930 904 praedicatio
967 807 1185 880 ascensionis
1217 807 1293 902 ejus
1330 805 1477 878 Mariae

377 916 453 982 tota
471 919 506 981 et
534 911 642 1008 plena
659 911 806 1006 obtigit3
825 911 875 984 ait
901 911 997 983 enim
1012 934 1020 982 ε
1038 909 1179 1004 Vade,
1207 908 1281 980 dic
1306 908 1469 984 iratri-

375 1015 459 1088 bus
487 1015 639 1086 meis:
677 1014 895 1112 Ascendo
930 1015 984 1087 ad
1019 1011 1209 1086 Patrem
1244 1035 1389 1084 meum
1424 1019 1471 1083 et

378 1115 432 1188 ad
459 1116 649 1190 Patrem
676 1124 885 1190 vestrum
923 1115 1047 1190 etad
1082 1115 1226 1188 Deum
1252 1122 1471 1191 meamet

377 1219 431 1291 ad
458 1219 602 1292 Deum
628 1226 851 1293 vestrum.
879 1219 998 1294 Dicit:
1018 1217 1130 1304 Noli
1156 1241 1222 1291 me
1254 1226 1468 1314 tangere,

378 1321 489 1420 quia
527 1321 725 1396 nondum
766 1321 962 1396 ascendi
1002 1321 1057 1394 ad
1083 1321 1274 1395 Patrem
1313 1344 1468 1395 meum.

376 1423 425 1496 Et
442 1447 522 1497 ecce
542 1425 722 1523 Cleophae
741 1433 777 1499 et
795 1426 888 1510 socio
908 1427 984 1524 ejus
1002 1423 1186 1498 benedixit
1204 1429 1339 1496 etcum
1365 1421 1470 1496 disci-

378 1526 475 1623 pulis
494 1531 723 1602 manducavit
741 1537 777 1602 et
795 1529 953 1604 Thomae
969 1528 1064 1601 latus
1086 1551 1188 1600 suum
1207 1525 1386 1621 ostendit3
1405 1549 1469 1600 cur

381 1649 467 1724 ergo
485 1631 672 1728 impedivit
690 1632 854 1725 Mariam,
872 1656 916 1704 ne
943 1631 1061 1728 ipsum
1088 1629 1282 1725 tangeret?
1301 1629 1475 1702 Forsitan

377 1734 461 1828 qnia
479 1758 556 1806 eam
575 1736 701 1808 Ioanni
729 1759 793 1832 pro
821 1758 858 1807 se
885 1733 1091 1809 tradiderat.
1112 1732 1285 1826 “Mulien
1303 1733 1364 1826 ait,
1388 1755 1469 1805 ecce

380 1836 476 1910 filins
495 1844 607 1912 tuns„
626 1839 650 1911 ¹.
669 1843 841 1914 Attamen
857 1861 923 1910 nec
949 1836 1101 1934 primum
1129 1835 1271 1931 signum
1298 1836 1365 1908 fuit
1393 1835 1470 1909 sine

379 1935 432 2032 ea,
447 1963 517 2012 neo
533 1941 675 2014 initium
701 1939 856 2038 sepulcri
874 1940 950 2016 sine
969 1963 1012 2012 ea
1025 1939 1050 2011 ².
1070 1937 1171 2012 Licet
1198 1961 1278 2012 eum
1295 1961 1368 2012 non
1391 1945 1471 2012 tan·

380 2050 493 2135 geret,
512 2045 709 2117 confortata
726 2054 845 2118 tamen
864 2050 928 2116 est.

386 2163 415 2186 ·’
482 2145 695 2218 Nondum
746 2146 941 2220 ascendi
981 2145 1035 2218 ad
1077 2141 1269 2218 Patrem
1316 2167 1469 2220 meum.

379 2243 523 2320 Falsam
542 2249 743 2344 opinionem
762 2249 899 2322 Mariae
919 2272 982 2324 suo
1000 2271 1171 2346 responso
1189 2249 1346 2322 refutare
1372 2247 1471 2320 vide-

291 2341 296 2352 ’
378 2343 447 2424 tur.
480 2349 658 2423 Docuerat
689 2375 778 2445 eam,
810 2351 902 2424 sicut
930 2356 966 2423 et
993 2351 1197 2448 discipulos,
1226 2375 1263 2426 se
1282 2350 1328 2423 ad
1354 2348 1472 2424 coelos

380 2461 622 2546 ascensurum,
641 2453 677 2526 in
698 2454 767 2526 fine
796 2455 919 2527 mnndi
946 2454 984 2526 in
1010 2477 1158 2551 corpore
1175 2461 1366 2528 venturum
1385 2461 1421 2526 et
1437 2455 1472 2526 ei

345 2599 347 2603 v
378 2557 471 2628 dona
489 2557 665 2652 promissa
685 2556 850 2631 daturum
869 2582 958 2632 esse.
978 2557 1026 2630 at
1044 2557 1127 2654 quia
1141 2557 1259 2630 Maria
1275 2582 1322 2631 ex
1339 2558 1481 2654 impro·'

377 2659 455 2732 riso
482 2683 563 2732 enm
590 2668 816 2756 cognoverat,
834 2683 934 2734 mens
962 2662 1039 2758 ejus
1066 2659 1111 2732 ad
1137 2661 1369 2734 novissimum
1396 2661 1474 2757 ejus

380 2763 573 2864 adventum
599 2765 748 2861 abrepta
774 2771 840 2857 est,
868 2773 904 2836 et
930 2763 1090 2862 putavit,
1116 2787 1268 2858 regnum
1294 2761 1473 2837 coelorum

379 2866 579 2940 advenisse.
607 2866 694 2940 Ideo
722 2867 836 2940 dixit:
867 2865 1067 2942 “Nondum
1095 2867 1239 2940 ascendi
1261 2867 1306 2940 ad
1323 2865 1472 2940 Patrem

378 2991 496 3042 meum
514 3008 541 3042 e.
560 2969 685 3064 Poma,
712 2969 796 3067 quia
822 2969 999 3062 Christus,
1017 2992 1109 3042 novo
1128 2970 1232 3042 modo
1257 2977 1374 3061 natus,
1400 2969 1475 3067 pri·

379 3071 582 3168 mogenitus
601 3079 656 3146 est
675 3097 721 3145 ex
741 3075 916 3170 sepulcro,
935 3097 1004 3171 quc
1024 3078 1149 3168 gentes
1168 3079 1204 3146 et
1223 3071 1475 3168 generationes

378 3181 415 3246 et
432 3176 596 3248 nationes
623 3176 815 3271 intereunt,
833 3201 897 3275 per
923 3179 991 3251 hoc
1018 3175 1148 3271 docuit,
1176 3175 1271 3272 qnod
1291 3176 1329 3248 in
1353 3199 1474 3250 resur·

377 3279 534 3351 rectione
553 3301 624 3350 non
642 3286 763 3376 patres
779 3281 824 3352 ad
841 3279 944 3373 filios,
963 3302 1029 3352 nec
1047 3279 1113 3352 filii
1130 3279 1176 3353 ad
1192 3286 1314 3376 patres
1333 3301 1371 3352 se
1390 3285 1485 3351 con-'

378 3381 753 3471 vertent,sedom1ies
780 3383 918 3456 adhoc
944 3407 1168 3475 unum,.num
1195 3382 1296 3478 digni
1322 3381 1404 3476 sint,
1431 3388 1473 3455 ut

379 3505 446 3576 per
466 3483 746 3556 misericordiam
765 3485 958 3558 ascendant
975 3485 1018 3558 ad
1037 3484 1193 3558 Patrem.
1483 3503 1486 3512 '

484 3585 614 3658 Vado
639 3586 693 3658 ad
720 3585 911 3660 Patrem
936 3611 1081 3660 meum
1108 3595 1152 3662 et
1177 3585 1364 3662 Patrem
1396 3607 1469 3660 ve-

380 3695 539 3780 strum,
558 3687 700 3761 Deum
727 3714 871 3763 meum
898 3698 942 3780 et
961 3691 1102 3764 Deum
1123 3697 1345 3765 vestrum.
1364 3690 1469 3780 Quod

382 3790 414 3864 si
431 3789 492 3884 ita,
510 3797 551 3862 ut
569 3793 742 3890 scriptum
760 3799 825 3888 est,
844 3793 1070 3888 intelligitur,
1079 3800 1165 3866 tunc
1181 3795 1290 3868 Pater
1307 3793 1346 3864 in
1363 3793 1473 3866 coelis

379 3901 445 3986 est,
463 3915 535 3966 non
562 3901 681 3968 autem
706 3897 745 3970 in
770 3905 877 3972 terra.
913 3897 952 3970 Si
979 3896 1130 3971 enimin
1156 3903 1254 3971 terra
1280 3904 1388 3990 esset,
1409 3919 1474 3970 cur

380 3997 495 4072 Filius
514 3997 552 4070 in
571 3999 708 4072 coelum
726 4001 870 4076 abiret?
889 4000 928 4076 ei
946 3999 1045 4092 dicis,
1063 3999 1196 4074 Filium
1213 4001 1252 4074 in
1278 3999 1377 4074 coelo
1399 4023 1472 4087 non

459 4205 487 4336 ὲ.
507 4201 810 4348 iiiiuffdsiisnut
821 4283 951 4358 primum
967 4282 1086 4355 signum
1098 4281 1201 4342 Canae
1215 4285 1246 4341 in
1261 4281 1402 4340 Galilaea
1411 4293 1473 4338 non

377 4357 450 4494 einpi
460 4361 558 4490 ntratre
571 4359 694 4418 Domini
717 4357 832 4419 facturn
848 4365 904 4437 est,
920 4363 963 4420 ita
983 4379 1040 4420 uec
1065 4361 1167 4420 exitus
1182 4373 1222 4421 e'x
1249 4361 1391 4437 sepulcro
1406 4358 1472 4420 sinc

379 4449 416 4495 ea
452 4454 493 4494 a·
855 4465 858 4469 ·
1485 4445 1487 4450 ’
