3330 5200
1232 329 1307 416 133'

200 458 309 540 datur
345 464 497 542 salvatio
522 466 694 564 mysterio
721 464 906 564 sanguinis
933 466 1011 563 ejus
1037 464 1204 564 copulata
1228 473 1296 542 est.

199 569 336 644 Vinum
354 571 471 664 dulce,
489 571 585 668 quod
611 571 719 644 corda
744 578 870 664 mutat,
888 570 998 664 dedit,
1014 577 1056 644 ut
1082 571 1299 666 ostenderet,

200 671 401 746 doctrinam
438 675 546 747 corda
579 681 778 747 mutantem
808 695 870 746 cos
907 696 986 748 esse
1026 673 1297 748 inebriaturam.

199 773 305 862 Quod
318 783 401 849 ante
420 783 497 850 crat
514 800 617 886 aqua,
631 777 669 848 in
687 777 870 873 amphoris
888 775 1041 849 mutarit
1058 776 1096 848 in
1113 776 1247 870 vinum,
1260 781 1298 850 et

138 907 144 916 ·
198 881 387 974 antiquum
412 874 625 953 mandatum
646 881 799 954 mutarit
816 881 854 951 in
881 879 1144 976 perlectionem.
1171 881 1297 976 Aquas

194 982 371 1076 perduxit
397 983 442 1054 ad
467 984 723 1079 praestantiam
750 991 786 1056 et
811 982 931 1078 legem
957 982 1003 1056 ad
1027 981 1295 1078 perlectionem.

201 1083 364 1157 Eandem
381 1083 482 1161 illam
500 1108 629 1181 aquam
647 1085 816 1160 convivae
843 1086 1023 1179 biberunt,
1042 1085 1106 1159 sed
1138 1107 1210 1158 non
1226 1107 1298 1181 qua

200 1209 331 1282 aquam
349 1209 429 1260 eam
447 1189 624 1262 biberunt.
656 1188 828 1277 Quamvis
858 1189 977 1284 legem
996 1188 1153 1284 priorem
1172 1186 1296 1260 andia-

201 1313 292 1384 mus,
311 1297 432 1363 tamen
449 1299 490 1363 nt
520 1293 558 1364 in
584 1291 654 1363 line
674 1315 752 1364 cam
783 1298 980 1388 gustamus.
1010 1291 1099 1364 Post
1118 1292 1208 1364 haec
1224 1289 1298 1364 ala·

201 1414 285 1486 pern
303 1416 384 1465 cum
403 1394 509 1490 alapa
525 1395 743 1491 permutavit
758 1393 784 1489 ¹,
802 1393 982 1488 nimirum,
998 1393 1031 1466 si
1047 1393 1085 1466 id
1103 1393 1197 1490 quod
1215 1417 1298 1491 per·
1320 1449 1323 1456 .

201 1494 335 1568 fectum
353 1503 420 1590 est,
438 1497 599 1589 iacimus,
616 1504 658 1568 ut
674 1497 785 1570 dixit:
807 1518 822 1554 a
840 1497 879 1570 si
896 1497 978 1592 quis
1009 1503 1045 1570 te
1076 1498 1297 1593 percusserit

202 1597 241 1669 in
260 1599 457 1693 maxillam,
477 1603 609 1698 praebe
628 1600 662 1672 ei
680 1607 716 1672 et
733 1599 883 1673 alteram
901 1637 929 1673 a.

308 1702 379 1774 Sed
406 1703 595 1776 considera
611 1703 685 1775 vim
704 1704 780 1799 ejus
808 1701 1017 1775 creatricem
1042 1699 1162 1774 omnia
1186 1723 1297 1798 pene·

203 1809 370 1876 trentam.
391 1804 566 1877 Dominus
592 1804 778 1902 paululum
804 1803 909 1900 panis
940 1803 1093 1900 sumpsit
1110 1809 1147 1878 et
1165 1803 1204 1875 in
1222 1805 1298 1878 ictu

201 1905 298 1978 oculi
316 1905 577 2004 multiplicavit.
597 1909 701 1996 Quod
726 1907 890 1982 homines
915 1930 981 2006 per
1008 1907 1131 1980 decem
1157 1929 1301 1980 menses

203 2031 355 2105 operoso
373 2009 496 2084 labore
513 2011 649 2084 faciunt
667 2018 703 2083 et
720 2015 943 2104 convertunt,
958 2011 1082 2084 decem
1098 2010 1176 2106 ejus
1194 2008 1301 2105 digiti

202 2111 319 2184 subito
351 2113 523 2186 lecerunt.
543 2113 740 2210 supposuit
758 2113 910 2210 panibus
938 2135 1082 2186 manum
1099 2112 1203 2208 quasi
1229 2119 1302 2186 ter·

203 2219 335 2287 ramat
362 2227 471 2313 super
489 2239 550 2289 eos
577 2218 679 2312 quasi
706 2217 843 2290 tonitru
868 2215 1036 2313 loquutus
1064 2219 1129 2289 est.
1160 2213 1301 2288 Motum

202 2314 379 2391 labiorum
400 2341 544 2392 suornm
561 2326 602 2392 ut
618 2320 768 2394 imbrem
800 2341 908 2414 super
927 2341 989 2392 eos
1022 2318 1166 2415 sparsit,
1184 2324 1221 2390 et
1238 2339 1302 2391 cx·

202 2417 336 2494 halatio
362 2422 566 2495 fervescens
593 2422 666 2496 cris
685 2424 762 2519 ejus
789 2421 876 2494 solis
894 2421 991 2495 vices
1021 2419 1183 2518 explevit
1201 2425 1238 2493 et
1263 2420 1303 2492 in

202 2530 334 2617 puncto
353 2524 525 2620 temporis
540 2523 556 2572 ²
573 2525 722 2622 perfecit
739 2532 775 2598 et
793 2523 1062 2614 consummavit,
1077 2523 1173 2620 quod
1190 2522 1301 2619 longo

201 2631 364 2722 tempore
381 2627 628 2724 unusquisqne
646 2627 740 2701 facit.
760 2627 872 2700 Panis
891 2649 990 2722 ergo,
1004 2625 1194 2724 paucitatis
1213 2648 1300 2700 suae

203 2727 347 2825 oblitus,
367 2754 414 2802 ex
437 2729 556 2802 media
582 2754 646 2804 sua
671 2731 850 2828 paucitate
877 2729 1144 2803 multitudinem
1170 2751 1300 2824 proge-

203 2830 294 2924 nuit,
325 2839 366 2906 ut
396 2833 430 2904 ei
459 2832 619 2928 aequalis
650 2834 763 2926 ficret,
794 2833 856 2929 qui
885 2832 1023 2928 primus
1054 2830 1239 2906 benedixit
1264 2835 1302 2904 et

205 2933 316 3007 dixit:
334 2958 349 2994 a
368 2933 529 3008 Crescite
548 2941 585 3007 et
602 2934 889 3033 multiplicamini
907 2941 943 3008 et
960 2934 1105 3032 implete
1123 2940 1258 3006 terram
1270 2971 1300 3007 e.

207 3035 303 3110 Nam
333 3061 446 3136 panes
472 3037 535 3110 isti
560 3039 678 3134 azymi
695 3039 798 3136 quasi
822 3037 974 3112 feminae
1002 3037 1143 3111 steriles
1163 3043 1200 3107 et
1218 3033 1303 3108 filiis

207 3143 314 3214 orbae
341 3165 407 3238 per
434 3139 700 3215 benedictiones
727 3143 804 3239 ejus
830 3163 980 3215 orereru
1005 3147 1021 3214 t
1045 3147 1082 3224 et
1116 3138 1305 3212 duodecim

209 3243 441 3339 cophinorum
457 3245 681 3340 fragmentis,
700 3267 790 3342 quae
809 3267 856 3316 cx
875 3243 927 3317 ais
944 3247 1194 3336 nascebantur,
1211 3241 1305 3314 mul-

209 3343 361 3441 tiplicati
389 3355 482 3420 sunt.

310 3448 424 3524 Porro
443 3449 609 3524 Christus
623 3453 733 3525 verbo
748 3473 812 3524 suo
838 3448 913 3522 rim
929 3446 1139 3546 potentiae·³
1159 3447 1211 3522 eis
1226 3446 1304 3544 qui·

208 3549 277 3622 bus
294 3560 527 3649 praeceptum
545 3553 703 3648 dederat,
723 3560 760 3626 et
777 3552 998 3626 celeritatem
1015 3553 1194 3626 donorum
1222 3574 1303 3624 suc·

207 3675 288 3726 rum
300 3654 353 3728 eis
363 3656 426 3753 qui
436 3679 479 3729 ea
487 3655 718 3752 accipiebant,
729 3655 951 3729 monstravit.
961 3657 1134 3728 Attamen
1143 3677 1216 3728 non
1224 3660 1303 3726 tan·

208 3759 285 3828 turn
294 3781 406 3854 panes
422 3757 685 3857 multiplicavit,
699 3767 871 3856 quantum
882 3766 1034 3854 poterat,
1048 3758 1112 3830 sed
1129 3763 1304 3853 quantum

208 3858 354 3935 edentes
381 3867 550 3958 poterant
575 3862 802 3935 manducare.
829 3859 1006 3934 Miracula
1024 3860 1119 3934 enirn
1145 3883 1217 3932 non
1237 3881 1304 3954 pro

210 3983 274 4036 sua
285 3964 431 4060 virtute,
447 3965 511 4038 sed
529 3986 594 4062 pro
612 3964 810 4060 indigentia
827 3964 1061 4038 esurientium
1078 3961 1303 4037 metiebatur.

289 4181 318 4238 1.
340 4163 464 4257 (lenior,
479 4197 559 4258 qnae
574 4197 600 4237 a.
615 4185 725 4242 auctor
738 4199 774 4241 su
796 4200 833 4242 ra
845 4182 884 4242 ad
896 4183 995 4242 Maru.
1007 4183 1035 4257 5,
1050 4185 1088 4242 39
1103 4180 1235 4240 dixerat.

287 4260 318 4316 2.
339 4259 390 4317 Ita
403 4263 461 4318 est.
475 4261 508 4318 in
523 4259 589 4321 cod.
608 4260 645 4319 B.
658 4261 696 4318 In
724 4279 760 4322 co
784 4263 835 4321 .A
861 4261 940 4322 falso
965 4263 1014 4319 est
1037 4262 1305 4336 „paramum-tp

207 4352 265 4411 pro
280 4343 496 4410 upana-{lbnrlg'ua

287 4419 315 4476 3.
336 4415 388 4480 Ita
399 4417 431 4478 in
446 4417 514 4484 cod.
528 4418 564 4478 B.
578 4418 616 4479 Iu
632 4414 700 4480 cod.
714 4417 744 4479 A
758 4414 852 4480 laiso:
872 4415 1056 4480 sanctitatis.
