3268 5220
449 435 565 524 Quum
582 435 769 512 Zacharias
787 439 830 511 ab
849 437 975 533 angelo
993 436 1125 509 laetum
1146 434 1314 508 nuncium
1332 459 1428 508 acce-

344 539 466 638 pisset,
493 564 596 613 suum
622 547 709 636 erat,
744 538 867 637 egredi
893 547 928 612 et
954 539 1072 637 angeli
1106 561 1315 636 praeconem
1340 539 1430 613 fieri.

345 645 479 716 Verum
497 644 580 740 quia
597 667 643 718 ex
660 644 905 718 incredulitate
928 667 992 742 per
1017 645 1127 720 verba
1153 667 1217 715 sua
1241 666 1368 740 praeco
1387 643 1429 716 il-

344 745 413 820 lius
430 747 508 819 fieri
524 748 677 842 nolebat,
702 772 817 845 poena
833 748 866 820 ei
883 749 1017 820 inflicta
1034 755 1099 842 est,
1125 754 1165 819 ut
1183 770 1226 818 ea
1242 769 1331 843 quae
1349 769 1429 819 ver-

343 849 397 922 bis
423 850 628 946 praedicare
654 853 814 946 debebat,
842 852 981 924 silentio
1008 851 1237 948 praedicaret.
1259 851 1313 922 Eo
1335 851 1430 946 quod

343 953 430 1025 haec
446 953 536 1026 visio
553 955 590 1027 in
608 956 814 1030 Sanctuario
828 957 861 1028 ei
874 955 1031 1052 contigit,
1045 954 1197 1052 populus
1215 953 1342 1026 certior
1359 953 1430 1025 fac·

343 1057 401 1129 tus
428 1065 492 1150 est,
520 1081 599 1131 eum
625 1059 826 1156 hujusmodi
850 1059 984 1132 visione
1003 1059 1149 1158 dignum
1165 1057 1297 1152 fuisse;
1344 1081 1430 1129 uum

343 1167 560 1233 autemeam
579 1161 719 1236 silentio
736 1163 886 1260 ligatum
902 1163 1074 1256 riderent,
1096 1160 1361 1254 intellexerunt,
1377 1161 1430 1232 la-

342 1263 410 1336 biis
429 1265 503 1361 ejus
522 1267 681 1339 custodia
692 1291 780 1365 opus
794 1267 912 1340 fuisse.
930 1267 1070 1362 Lingua
1083 1265 1203 1337 dolore
1222 1264 1430 1358 1111111111,

343 1373 384 1438 ut
395 1392 495 1441 mens
509 1371 695 1444 emendata
707 1372 869 1464 disceret,
880 1371 999 1446 frenos
1013 1371 1112 1442 firme
1131 1369 1298 1459 adhibere
1315 1367 1429 1442 labiis.

344 1469 436 1559 Quia
454 1473 507 1545 ori
525 1497 588 1546 suo
606 1475 799 1547 custodiam
815 1498 887 1546 non
908 1474 1037 1571 posuit,
1063 1479 1166 1570 porta
1192 1473 1263 1545 oris
1290 1471 1430 1544 silentio

344 1577 523 1648 obstructa
535 1584 598 1650 111.
610 1577 783 1666 Quoniam
797 1577 944 1673 angelus
958 1587 1068 1674 prope
1082 1577 1211 1649 Sancta
1223 1577 1433 1650 Sanctorum

346 1700 425 1766 cum
444 1703 484 1751 eo
502 1680 722 1777 loquebatur,
740 1682 893 1779 populus
910 1681 1100 1775 intellexit,
1117 1669 1285 1752 nuncium
1311 1681 1355 1751 de
1376 1702 1432 1752 re-

347 1784 414 1854 bus
433 1785 594 1857 secundis
613 1786 646 1856 ei
663 1787 784 1858 datum
802 1809 891 1880 esse,
919 1785 981 1858 sed
1000 1807 1040 1856 eo
1059 1785 1152 1880 quod
1168 1783 1266 1880 loqui
1282 1807 1354 1854 non
1370 1806 1433 1880 po-

345 1892 438 1958 terat
452 1886 477 1982 l,
496 1897 746 1984 cognoverunt,
758 1913 845 1976 eum
862 1890 1021 1987 ineptum
1046 1888 1180 1984 aliquid
1197 1887 1432 1983 respondisse.
1515 1947 1516 1950 ,
1629 1875 1630 1956 ἶ

347 1988 439 2076 Quia
463 1992 552 2064 hora
577 1993 756 2086 orationis,
773 1993 811 2064 in
833 2018 903 2089 qua
918 2016 1042 2089 preces
1059 1991 1201 2085 fiebant,
1213 1991 1303 2063 risio
1321 1991 1355 2062 ei
1371 1993 1431 2064 ob-

347 2092 441 2188 tigit,
460 2095 648 2190 sciverunt,
663 2095 793 2168 donum
810 2096 953 2193 aliquod
966 2096 999 2168 11
1011 2095 1159 2168 missum
1173 2118 1262 2188 1111,
1277 2095 1339 2166 sed
1352 2093 1436 2190 quia

346 2195 385 2268 in
404 2221 464 2270 ore
484 2199 559 2294 ejus
578 2200 772 2295 gratiarum
788 2193 960 2272 actionem
973 2223 1044 2271 non
1056 2199 1293 2293 inveniebant,
1307 2219 1435 2293 cogno·

347 2309 486 2394 verunt,
504 2325 585 2374 eum
603 2302 733 2376 donum
750 2327 822 2375 non
838 2304 1024 2400 accepisse.
1042 2303 1143 2375 Licet
1154 2301 1340 2374 Zacharias
1357 2301 1434 2397 ipse

349 2403 392 2475 de
410 2406 528 2479 verbis
554 2407 673 2502 angeli
691 2407 897 2501 dubitasset,
924 2415 1052 2501 tamen,
1080 2407 1163 2504 quia
1179 2412 1297 2478 mutus
1322 2405 1435 2476 factus

249 2525 269 2569 s
328 2549 329 2555 κ
349 2514 436 2602 1111,
462 2533 565 2582 nemo
583 2510 735 2606 amplius
753 2511 797 2583 de
816 2507 867 2583 eis
886 2511 1069 2585 dubitavit.
1096 2511 1166 2599 Qui
1191 2509 1285 2582 laeto
1307 2509 1435 2586 nuncio

350 2635 416 2707 per
442 2613 609 2708 angelum
635 2615 742 2688 allato
769 2639 840 2687 non
866 2614 1025 2708 credidit,
1052 2615 1126 2711 ejus
1153 2613 1293 2686 silentio
1315 2635 1436 2684 omnes

349 2715 510 2789 homines
528 2716 621 2790 laeto
639 2719 722 2792 huic
750 2719 878 2791 nuncio
909 2719 1143 2791 crediderunt.
1174 2717 1322 2791 Silentio
1340 2717 1434 2788 enim

350 2817 536 2893 Zacharias
554 2823 679 2894 ceteris
697 2823 809 2895 factus
824 2829 878 2894 est
892 2813 927 2894 11
939 2824 1113 2919 propheta
1130 2828 1166 2893 et
1178 2821 1300 2918 judex,
1313 2827 1354 2892 ut
1370 2843 1435 2916 per

312 2963 314 2966 ·
349 2923 558 3026 prophetam
576 2933 781 3022 exoptatum
798 2926 965 2998 nuncium
982 2927 1222 3018 edocerentur,
1241 2931 1277 2996 et
1293 2948 1357 3021 per
1377 2924 1435 3021 ju·

351 3026 466 3100 dicem
482 3029 607 3102 timore
625 3037 904 3126 percuterentur,
920 3052 965 3101 ne
984 3030 1155 3127 ejusmodi
1170 3029 1338 3101 nuncium
1354 3027 1434 3102 1111-

350 3130 555 3226 penderent.
588 3133 665 3229 Ipsi
681 3157 819 3230 quoque
838 3132 1025 3206 Zachariae
1043 3133 1191 3228 angelus
1210 3138 1245 3204 et
1262 3132 1436 3229 propheta

353 3233 465 3306 factus
484 3243 539 3307 111
557 3243 592 3306 11
603 3237 726 3334 judex.
744 3238 938 3333 Tamquam
956 3238 1129 3333 propheta
1148 3236 1181 3308 ei
1199 3235 1364 3332 exposuit
1380 3259 1436 3308 11-

355 3359 443 3409 cana
462 3343 497 3408 et
514 3345 693 3435 tamquam
704 3339 818 3438 judex
835 3364 916 3412 eum
933 3339 1053 3413 dolore
1071 3339 1187 3412 affecit
1204 3347 1241 3412 et
1256 3362 1379 3436 poena.

456 3441 615 3516 Nuncius
633 3443 831 3517 futurorum
846 3447 1017 3518 bonorum
1042 3443 1106 3516 illa
1129 3445 1217 3518 hora
1234 3445 1357 3540 generi
1373 3444 1438 3516 hu-

354 3567 458 3616 mano
475 3545 603 3620 missus
623 3555 687 3641 est,
713 3572 890 3646 quumque
906 3547 1053 3644 primus,
1080 3549 1141 3643 qui
1164 3572 1244 3621 eum
1262 3547 1447 3641 audiebat,

355 3647 543 3744 dubitaret,
571 3651 672 3747 signo
691 3675 772 3724 eum
789 3650 935 3746 notavit,
959 3675 1004 3723 ne
1023 3651 1084 3724 alii
1102 3674 1183 3724 eum
1204 3652 1437 3724 imitarentur.

356 3751 488 3824 Laetus
505 3753 623 3850 itaque
641 3755 699 3828 hic
715 3755 876 3849 nuncius,
889 3757 950 3850 qui
967 3758 1010 3828 ab
1029 3754 1155 3851 angelo
1172 3757 1245 3828 alta
1260 3778 1345 3829 voce
1357 3779 1439 3852 pro·

356 3854 526 3930 clamatus
543 3859 721 3932 credibilis
739 3884 810 3932 non
826 3859 1022 3952 videbatur,
1050 3858 1176 3952 effecit,
1193 3865 1233 3931 ut
1249 3857 1439 3932 Zachariae

355 3958 498 4033 nutibus
512 3960 685 4036 indicatus
698 3962 875 4036 credibilis
888 3963 998 4036 fieret.
1012 3962 1199 4036 Zacharias
1211 3963 1347 4056 videno,
1365 3962 1439 4035 suis

248 4077 250 4080 ’
356 4064 500 4137 nutibus
517 4088 638 4138 omnes
655 4068 811 4160 credere,
830 4065 1019 4160 intellexit,
1041 4090 1078 4138 se
1095 4091 1282 4164 perperam
1298 4066 1343 4138 de
1359 4089 1439 4139 rer-

358 4252 556 4314 nemineum
577 4255 775 4329 adducerent,
795 4271 834 4316 ne
855 4255 932 4315 alius
951 4257 1050 4328 fieret,
1071 4255 1151 4316 sicut
1163 4256 1224 4332 ille,
1240 4254 1313 4334 quia
1325 4255 1438 4314 Zacha-

357 4333 837 4412 riamnuncio,qucmacceperat,
846 4335 1436 4413 credereetpraeconenfierioportuits·
1450 4349 1455 4358 ‘

437 4415 463 4469 1.
485 4413 521 4472 In
537 4414 602 4474 cod.
619 4415 660 4472 B:
674 4414 716 4471 At
729 4414 800 4491 quia
814 4413 964 4492 viderunt,
978 4434 1046 4474 eum
1060 4414 1142 4490 loqui
1155 4434 1216 4474 non
1229 4431 1332 4494 posce·
1448 4442 1450 4446 ’
