3330 5200
327 331 329 336 ’
361 361 433 431 rao

458 485 686 559 Precabatur
712 483 954 556 Zachaeus
973 484 1074 579 (Luc.
1091 487 1145 576 19,
1162 481 1263 575 1-10)
1285 481 1322 552 in
1348 479 1455 552 corde
1496 537 1499 541 .

363 611 426 661 auo
445 594 482 660 et
499 588 615 660 dixit:
637 588 806 660 “Beatus
825 593 892 677 est,
911 587 1112 683 quicunque
1139 587 1270 682 dignus
1295 583 1456 655 invenie·

359 703 431 784 tur,
458 698 499 762 ut
527 691 566 762 in
594 691 737 762 domurn
766 691 843 786 ejus
869 690 938 760 iste
958 689 1080 786 justus
1106 690 1217 762 intret
1233 727 1262 761 a.
1289 687 1338 759 m
1363 685 1456 757 dixit

360 792 393 866 ei
423 791 624 865 Dominus:
656 794 869 883 Festina,
902 791 1138 864 descende
1178 791 1339 881 istinc,
1380 786 1454 860 Za-

361 897 528 968 chace!
546 895 713 983 Quicum
731 894 984 986 intellexisset,
999 894 1190 967 Dominum
1204 892 1455 988 cogitationem

360 999 437 1095 ejus
455 997 612 1091 novisse,
631 997 745 1069 dixit:
765 999 804 1072 si
821 997 927 1068 istam
945 996 1195 1092 cogitationem
1212 995 1323 1088 norit,
1336 992 1456 1066 omnia

359 1123 511 1196 quoque,
531 1121 620 1194 quae
650 1123 807 1195 unquam
825 1099 905 1194 leci,
927 1099 1003 1172 scit.
1030 1101 1116 1172 ideo
1143 1097 1350 1194 respondit:
1372 1095 1454 1169 «0-

362 1203 497 1296 mnia,
525 1225 643 1297 quae
668 1227 868 1298 unquam
896 1201 1135 1299 abaliquo
1175 1201 1367 1297 injuste·
1389 1221 1455 1270 ao·

261 1309 281 1335 ’·
361 1305 709 1400 cepi,·reddam
751 1305 1252 1402 haecquodruplums.
1293 1301 1453 1393 Festina,

221 1445 223 1452 ·
288 1419 290 1424 '
361 1407 421 1500 ait,
440 1416 476 1480 et
495 1405 683 1501 descende,
702 1407 747 1479 de
773 1409 841 1479 hac
867 1407 1031 1502 ficulnea,
1048 1407 1131 1504 quia
1157 1408 1203 1479 ad
1228 1413 1266 1478 te
1292 1405 1454 1478 diversu-

362 1535 425 1583 rus
445 1533 541 1608 sum:
565 1511 670 1584 Prior
699 1510 855 1582 ficurlnea
870 1511 1002 1583 Adami
1018 1533 1084 1606 per
1100 1509 1337 1607 posteriorem
1354 1506 1454 1579 ficul-

358 1635 462 1684 neam
489 1613 681 1708 publioani,
710 1619 747 1684 et
771 1637 901 1685 nomen
927 1613 1059 1686 Adami
1085 1614 1139 1686 rei
1165 1636 1229 1708 per
1256 1610 1454 1683 Zachacum

354 1715 493 1810 justum
513 1715 618 1789 detur
637 1716 817 1790 oblivioni.
836 1717 967 1810 Ecce,
994 1716 1056 1808 ait,
1081 1717 1291 1806 Domine,
1326 1711 1454 1786 dimi·

361 1817 487 1888 dium
514 1819 714 1891 omnium
740 1821 964 1892 bonorum
991 1818 1328 1891 meorumdabo
1347 1838 1453 1913 pau·

358 1921 570 2016 peribus,
597 1928 642 1996 et
668 1923 830 2015 omnia,
869 1944 987 2016 quae
1026 1943 1230 2016 unquam
1268 1919 1454 2014 injuste

359 2025 414 2094 ab
449 2022 612 2117 aliquo
646 2016 832 2120 accepi,
868 2025 1059 2098 reddam
1099 2025 1213 2096 haec
1255 2022 1455 2118 quadr-u·

359 2125 498 2221 plum.
525 2125 637 2197 Ideo:
664 2127 816 2199 Hodie
842 2127 969 2198 facta
995 2133 1068 2198 est
1094 2127 1227 2198 salus
1252 2125 1361 2196 huic
1384 2124 1452 2196 do-

358 2227 463 2298 mui.
493 2227 739 2302 Confundatur
756 2229 910 2326 populus
928 2227 1133 2302 incredulus
1156 2228 1345 2326 repentina
1369 2249 1453 2322 poe-

360 2331 514 2404 nitentia
529 2331 636 2425 hujus
653 2332 735 2424 viri,
752 2333 814 2426 qui
831 2354 983 2428 uespere
1010 2339 1133 2426 raptor
1151 2341 1188 2404 et
1213 2355 1317 2402 mane
1345 2330 1454 2402 dona·

362 2441 419 2506 tor
435 2435 460 2526 ¹,
478 2455 630 2528 vespere
649 2433 859 2529 publicanus
878 2442 915 2506 et
931 2457 1035 2506 manc
1054 2433 1262 2532 discipulus.
1382 2495 1384 2502 ,

367 2579 369 2587 -
415 2589 417 2594 .
464 2535 646 2608 Zachaeus
658 2537 794 2632 justam
812 2538 930 2632 legem
945 2537 960 2584 ²
978 2546 1097 2610 mente
1117 2561 1183 2610 sna
1198 2535 1345 2628 dimisit,
1363 2533 1453 2606 etin

361 2638 550 2710 ficulneam
569 2638 713 2712 surdam
732 2641 903 2732 ascendit,
921 2659 1012 2735 quae
1032 2641 1179 2712 surdum
1198 2640 1275 2734 ejus
1293 2637 1454 2710 auditum

361 2740 608 2836 significabat,
640 2741 703 2813 sed
734 2765 822 2833 curn
844 2743 1065 2838 ascenderet,
1097 2742 1250 2814 ficulnea
1279 2742 1372 2814 facta
1396 2744 1455 2811 est

360 2843 478 2940 imago
507 2867 593 2916 suae
619 2844 759 2917 salutis.
785 2845 931 2918 Dimisit
957 2847 1052 2918 enim
1079 2845 1314 2940 cogitationes
1340 2851 1454 2917 terre·

362 2953 468 3039 stres,
487 2955 523 3018 et
542 2949 768 3020 ascendendo
784 2949 887 3044 quasi
904 2949 941 3020 in
960 2949 1115 3021 medium
1147 2958 1266 3020 adrem
1285 2971 1323 3019 se
1350 2953 1454 3020 extu-

357 3049 413 3142 lit,
438 3057 480 3121 ut
504 3050 684 3122 excelsam
709 3051 932 3125 divinitatem
956 3051 1170 3124 intueretur.
1201 3055 1253 3125 At
1278 3049 1453 3122 Dominus

353 3152 466 3248 jussit
491 3176 571 3224 eum
597 3153 766 3226 festinare
780 3161 822 3226 et
839 3156 883 3226 de
910 3154 974 3226 illa
1002 3155 1110 3227 surda
1135 3154 1287 3226 fiannea
1317 3175 1359 3226 ac
1386 3153 1453 3224 sub

361 3259 438 3352 ejus
456 3255 613 3351 imagine
640 3257 684 3328 de
711 3258 880 3352 operibus
906 3258 980 3330 suis
1007 3258 1236 3350 descendere,
1253 3279 1298 3328 ne
1324 3257 1363 3327 in
1391 3277 1457 3327 sua

362 3357 538 3430 surditate
565 3366 802 3454 permaneret,
822 3361 886 3432 sed
912 3361 949 3431 in
977 3361 1149 3433 charitate
1181 3358 1326 3431 Domini
1352 3356 1457 3430 effer-

363 3483 512 3532 vescens
539 3483 632 3532 nova
658 3461 820 3555 germina
844 3463 1066 3558 produceret.
1096 3461 1294 3536 Conssando
1319 3459 1458 3534 recoxit

366 3586 459 3652 eum,
478 3569 518 3633 ut
530 3568 745 3635 vetustatem
764 3565 841 3660 ejus
858 3565 1004 3638 tolleret
1013 3573 1058 3637 'et
1074 3589 1206 3638 novum
1222 3565 1401 3638 hominem
1419 3562 1457 3633 in

365 3689 407 3736 eo
426 3665 639 3738 efformaret.
657 3666 706 3738 Et
723 3674 763 3740 ut
781 3667 898 3762 sciret,
917 3692 1066 3741 senune
1084 3692 1163 3741 esse
1190 3675 1367 3761 renatum,
1383 3665 1457 3738 ait:

247 3838 250 3849 ᾗ
367 3767 489 3856 Quia
515 3774 560 3840 et
585 3767 679 3842 iste
707 3771 871 3866 utique
908 3771 1049 3844 filius
1077 3778 1151 3844 est
1175 3769 1409 3855 Abrahae.

404 3967 405 3970 Ἴ
469 3870 553 3966 Lux
573 3871 674 3944 venit
691 3871 728 3944 in
745 3875 929 3966 mundum,
948 3882 989 3948 ut
1006 3876 1119 3948 caecis
1145 3874 1268 3946 lumen
1292 3872 1404 3966 daret,
1422 3877 1460 3943 et

366 3974 531 4048 infideles
559 3971 666 4046 fidem
684 3976 1039 4050 doceretDominus
1058 4001 1139 4052 cum
1165 3977 1211 4050 ad
1238 3998 1381 4050 caecum
1398 3995 1461 4047 ve·

367 4077 568 4173 nissethi:
595 4078 713 4176 coepit
745 4079 898 4154 clamare
919 4086 954 4152 et
972 4081 1089 4154 dicere
1105 4107 1112 4154 :
1131 4082 1155 4154 J
1165 4104 1246 4156 esu
1274 4077 1352 4153 fili
1378 4077 1459 4150 Da·
1492 4102 1494 4106 ·

417 4381 419 4384 -
446 4341 473 4395 1.
495 4335 541 4396 Of.
556 4337 632 4396 Gan.
646 4339 695 4413 49,
708 4339 757 4399 27.

446 4417 473 4472 2.
496 4415 532 4474 Id
547 4420 612 4474 est:
633 4416 736 4494 legem
750 4419 868 4494 antiqui
886 4417 1044 4478 Foederis.
