3330 5200
360 393 427 462 176

358 542 444 591 vero
464 545 522 594 eos
543 523 670 594 ceteris
697 523 865 618 aequales
882 523 974 596 fecit.
990 522 1128 614 Quibus
1146 517 1450 593 murmurantibus

361 623 475 695 dixit:
504 625 551 698 si
578 649 664 722 ego
692 625 920 700 liberalis
949 651 1055 719 sum,
1084 623 1250 698 oculus
1286 629 1450 694 vester

360 746 439 800 our
463 727 615 800 malus
642 729 744 802 est?
763 729 811 802 Et
820 729 905 824 illis,
916 731 976 824 ait,
987 730 1103 826 gratia
1115 727 1246 802 collata
1261 731 1327 816 est,
1339 731 1375 796 et
1387 725 1446 798 hi*

359 827 468 902 hilari
484 829 573 902 facie
589 832 633 904 dc
652 857 716 906 sua
734 833 896 906 mercede
915 833 1191 906 conclamarunt.
1207 829 1279 902 Sed
1295 828 1451 924 attende,

360 935 535 1026 quomodo
553 936 641 1008 haec
655 937 751 1008 diota
764 937 845 1009 sint.
860 935 978 1024 Quum
993 961 1053 1008 eos
1070 935 1343 1028 interrogasset:
1360 931 1451 1008 Gur

361 1038 554 1110 totadie
582 1039 635 1112 ad
655 1063 902 1136 vesperam
928 1063 1074 1136 usque
1101 1035 1249 1122 otiosi
1277 1033 1450 1108 statis?

342 1137 532 1242 'dixerunt
551 1141 606 1214 ei:
626 1142 766 1216 Nemo
785 1143 918 1216 venit
944 1149 989 1215 et
1014 1167 1095 1216 nos
1122 1139 1362 1239 conduxit.
1388 1137 1451 1212 Illi

363 1264 450 1338 ergo
468 1245 585 1340 parati
611 1253 724 1338 erant,
743 1269 846 1318 nemo
865 1247 957 1318 enim
979 1269 1039 1320 eos
1061 1244 1242 1318 conduxit.
1268 1241 1364 1314 Nam
1390 1242 1452 1338 qui

360 1344 441 1418 ideo
461 1346 602 1440 dormit,
614 1349 698 1446 quia
714 1372 817 1422 nemo
840 1373 920 1422 eum
939 1350 1135 1442 suscitavit,
1150 1355 1185 1420 et
1203 1343 1450 1444 posteavadit,

362 1449 571 1524 manifestus
598 1454 649 1547 fit,
677 1453 768 1526 siout
795 1459 836 1534 et¹
856 1453 967 1549 isqui
995 1477 1042 1526 ex
1068 1451 1214 1548 pigritia
1240 1447 1392 1542 dormit;
1415 1458 1469 1521 et·

360 1551 552 1628 discrimen
570 1563 635 1649 est,
653 1556 737 1652 quia
763 1553 854 1628 alter
881 1564 1028 1654 propter
1051 1579 1140 1652 opus
1168 1577 1271 1628 suum
1300 1552 1453 1647 gratiam

360 1657 469 1729 habet
496 1659 530 1730 ei
548 1659 609 1755 qui
635 1660 754 1756 ipsum
781 1659 939 1754 suscitat,
957 1659 1049 1734 alter
1066 1683 1152 1732 vero
1178 1661 1325 1757 propter
1352 1677 1454 1728 suam

361 1759 543 1856 pigritiam
564 1761 832 1835 suscitatoribus
851 1763 925 1836 suis
942 1763 1156 1836 offensiones
1173 1759 1301 1833 reddit.
1323 1757 1454 1854 Liquet

362 1886 462 1958 erg0,
481 1865 591 1939 otium
611 1865 706 1960 pigri
724 1865 825 1962 pejus
843 1889 934 1960 esse,
953 1891 1058 1962 quam
1076 1864 1253 1938 industrii.
1336 1892 1342 1898 ·

464 1969 677 2059 Industrios,
692 1969 763 2062 qui,
778 1969 944 2061 quoniam
962 1969 1063 2044 labor
1082 1977 1118 2040 et
1134 1966 1268 2040 laboris
1286 1985 1453 2060 procura-

351 2076 420 2140 tor
437 2068 597 2162 deerant,
616 2068 778 2165 impediti
805 2081 908 2142 erant
926 2078 963 2142 et
980 2072 1084 2144 otiosi
1111 2073 1262 2160 stabant,
1279 2090 1352 2140 vox
1374 2089 1455 2138 oon·

363 2169 478 2261 duxit,
498 2180 533 2244 et
550 2175 700 2245 verbum
719 2170 914 2243 suscitavit.
941 2173 992 2248 Hi
1012 2181 1159 2269 propter
1182 2195 1326 2244 sensum
1353 2193 1456 2244 suum

352 2272 576 2362 ¹industrium
597 2296 662 2346 nec
676 2273 720 2345 de
747 2275 912 2346 mercede
940 2298 1019 2346 cum
1046 2299 1087 2346 eo
1114 2276 1457 2368 tractabant,quem-

365 2375 554 2448 admodum
581 2375 636 2448 illi
663 2376 769 2473 primi
784 2375 810 2449 ².
839 2375 1058 2451 Ponderavit
1082 2377 1242 2450 laborem
1269 2397 1392 2446 eorum
1418 2374 1456 2446 in

365 2477 514 2552 scientia
531 2486 567 2551 et
584 2480 621 2551 in
639 2479 802 2553 mercede
824 2505 884 2554 eos
901 2481 984 2553 fecit
1002 2481 1178 2578 aequales.
1198 2477 1269 2553 Sed
1283 2477 1377 2550 hanc
1393 2501 1457 2576 pa·

365 2581 527 2655 rabulam
552 2583 590 2654 in
617 2575 773 2655 medium
799 2583 960 2682 protulit,
978 2609 1024 2657 ne
1051 2587 1130 2680 quis
1157 2583 1310 2656 diceret:
1331 2603 1346 2638 e
1365 2579 1459 2670 Quia

365 2706 437 2755 non
463 2693 608 2759 vocatus
636 2711 715 2759 sum
747 2690 792 2761 ab
818 2687 977 2782 infantia,
1005 2689 1112 2760 etiam
1138 2692 1263 2782 postea
1289 2689 1456 2782 acceptus

365 2809 437 2858 non
455 2812 534 2862 sum
552 2829 580 2863 n.
608 2791 775 2864 Ostendit
803 2815 901 2886 ergo,
918 2791 1109 2882 hominem,
1131 2811 1339 2886 quacunque
1367 2788 1456 2860 hora

365 2911 559 2966 conversus
586 2891 705 2988 fuerit,
726 2917 804 2966 esse
831 2901 1026 2989 acceptum.
1058 2893 1184 2966 Noluit
1211 2899 1331 2964 autem
1357 2889 1457 2986 prius

365 2994 491 3090 primis
510 2995 608 3089 dare,
627 2997 772 3092 quiade
791 3021 856 3070 sua
872 2997 1036 3070 mercede
1063 2995 1297 3088 confidebant,
1320 2993 1395 3086 sed,
1411 3015 1456 3066 ne

367 3096 552 3171 novissimi
578 3105 757 3194 putarent,
784 3101 878 3195 quod
905 3100 1021 3174 miuus
1061 3099 1274 3195 acciperent,
1300 3099 1344 3171 ab
1370 3095 1458 3196 ipsis

368 3201 556 3274 exordium
574 3201 833 3275 distributionis
851 3203 944 3275 fecit.

471 3305 586 3378 Porro
604 3301 698 3400 quod
717 3306 806 3378 exiit
823 3329 938 3399 mane,
958 3307 1064 3378 tertia
1082 3311 1238 3377 etsexta
1256 3309 1292 3374 et
1309 3325 1403 3374 nona
1421 3307 1458 3373 et

368 3408 556 3479 undecima
572 3407 662 3480 bora
680 3415 715 3480 et
733 3408 778 3481 ad
797 3409 882 3480 solis
901 3421 1075 3502 occasum,
1089 3407 1313 3504 intelligatur
1329 3405 1372 3476 de
1391 3403 1458 3477 ini-

366 3509 417 3580 tio
435 3510 709 3605 praedicationis
737 3534 832 3602 suae,
852 3535 957 3608 quam
985 3511 1162 3608 usquead
1189 3532 1331 3582 crucem
1356 3531 1459 3580 suam

366 3613 597 3706 continuavit,
611 3614 694 3710 quia
710 3605 898 3686 undecima
915 3617 1004 3690 hora
1019 3615 1112 3688 latro
1127 3613 1142 3659 ⁵
1161 3615 1200 3687 in
1216 3613 1369 3704 vineam,
1388 3611 1411 3684 i.
1427 3633 1457 3682 e.

368 3713 405 3788 iu
424 3716 630 3812 paradisum
648 3717 818 3790 introivit.
839 3717 919 3812 Qui,
938 3741 983 3790 ne
1002 3720 1095 3792 hanc
1113 3718 1157 3790 ob
1176 3739 1321 3789 oausam
1337 3715 1455 3810 objur-

368 3826 525 3914 garetur,
543 3827 747 3918 promptum
775 3845 879 3894 uuum
905 3821 1062 3896 animum
1088 3819 1296 3914 declaravit,
1315 3817 1409 3914 quia,
1428 3815 1460 3888 si

451 4069 478 4124 1.
500 4066 624 4126 Scilicet
635 4067 723 4144 primi
735 4089 742 4144 ;
756 4088 827 4127 nam
840 4086 903 4128 non
918 4086 1023 4127 omnes
1041 4085 1081 4126 ex
1096 4068 1139 4126 eis
1159 4063 1402 4126 murmurabant.

451 4147 479 4206 2.
499 4145 546 4204 De
560 4145 716 4222 prioribus
732 4149 781 4218 (v.
795 4149 838 4218 2.)
853 4147 1044 4206 dictumest:
1070 4146 1281 4206 conventione
1295 4142 1379 4202 facta
1394 4157 1462 4200 cum

355 4233 357 4236 '
372 4223 521 4298 operariis
536 4241 577 4281 ex
592 4223 719 4281 denario
735 4223 853 4298 diurno,
869 4229 901 4282 et
914 4225 956 4304 (r.
969 4229 1030 4296 4.):
1045 4225 1135 4292 Quod
1152 4226 1272 4300 justum
1292 4219 1396 4293 fuerit,
1410 4218 1462 4278 da·

370 4301 411 4360 bo
426 4302 525 4373 vobis,
540 4307 572 4360 et
585 4307 628 4377 (v.
640 4304 698 4375 5.):
712 4303 800 4360 Fecit
813 4303 961 4362 similiter.
975 4304 1024 4361 Ad
1041 4303 1225 4362 novissimos
1239 4309 1282 4370 (v.
1295 4303 1338 4370 8.)
1361 4299 1462 4378 pater·

371 4378 687 4518 familiasffihssssfiii
701 4380 779 4440 dixit
792 4382 870 4440 uisi:
886 4383 933 4442 Ite
946 4384 977 4442 et
991 4400 1046 4441 vos
1059 4382 1091 4440 in
1105 4381 1227 4442 vineam
1241 4397 1350 4440 meam.

474 4500 480 4516 .
529 4476 576 4518 uo.
629 4503 636 4536 ,
692 4502 699 4516 .
