3330 5200
1238 335 1307 408 lat
1373 403 1379 420 ,

220 454 324 532 uia?
351 451 399 530 Et
417 455 602 555 respondit
619 457 683 554 eis,
704 458 879 556 hocopus
897 482 976 532 esse
994 459 1141 556 inimici,
1158 485 1230 536 non
1246 486 1309 536 an·

219 570 290 634 tem
309 585 399 657 opus
418 586 533 636 sunm.
561 562 600 634 Si
617 565 700 658 quis
717 585 763 636 ex
780 563 883 636 nobis
900 570 967 656 est,
994 571 1030 636 et
1055 565 1150 638 inter
1171 565 1309 639 zizania

219 665 296 736 vult
314 663 498 760 plantari¹
518 666 783 760 interrogamus
801 689 901 738 enm:
921 665 960 740 Si
972 665 1159 740 Beneficus
1179 691 1225 740 ex
1244 692 1309 741 sno
1349 705 1352 710 ·

221 767 355 840 semine
371 767 560 840 seminavit
577 767 615 840 in
631 792 674 841 ea
685 776 804 865 parte,
831 791 922 863 quae
941 770 986 842 ab
1003 769 1083 866 ipso
1100 777 1166 862 est,
1195 769 1225 842 si
1242 771 1316 844 hoc·

220 868 271 941 ita
288 876 355 963 est,
382 871 478 943 dicat
503 871 619 961 nobis,
646 894 755 966 qnare
773 893 948 968 unapars
966 871 1072 970 hujus
1100 872 1246 945 seminis
1264 877 1309 948 ab

218 992 258 1042 eo
275 973 453 1045 seminata
471 973 636 1048 etaltera
653 997 737 1068 pars
756 973 803 1046 sit
821 974 1058 1047 seminanda?
1077 975 1117 1048 Si
1135 981 1253 1046 autem
1271 976 1310 1049 in

217 1082 318 1170 parte
337 1075 470 1149 diaboli
488 1076 688 1168 seminavit,
707 1076 738 1150 si
754 1078 820 1150 hoc
835 1077 887 1166 ita
900 1083 966 1168 est,
986 1077 1174 1150 seminavit
1191 1077 1308 1152 Bene·

217 1179 303 1251 ficus
329 1179 368 1250 in
394 1179 512 1252 medio
538 1179 756 1252 zizaniorum
783 1186 845 1252 aut
871 1179 916 1252 ad
943 1176 1123 1254 diabolum
1149 1181 1307 1276 pertinet

219 1281 423 1376 manipulus
437 1281 464 1354 ⁹.

319 1385 503 1458 Rursus
538 1383 699 1458 simile
735 1392 808 1457 eat
842 1407 1038 1478 regnum
1074 1408 1221 1480 grano
1246 1387 1304 1462 si·

215 1485 398 1582 rapiet,
421 1487 540 1583 quod
563 1495 626 1560 est
648 1486 885 1560 minimum
908 1488 1109 1574 omnium
1132 1511 1306 1562 semen·

215 1597 319 1660 tum.
339 1590 419 1662 Hoc
432 1591 477 1662 de
490 1615 601 1688 parvo
615 1590 718 1663 initio
731 1591 1007 1686 praedicationis
1023 1591 1127 1684 dixit,
1139 1591 1305 1666 utillud:

216 1693 305 1764 “Ne
332 1693 470 1788 timeas,
497 1693 651 1790 pusillus
680 1693 833 1788 grexssn.
860 1691 917 1766 Et
944 1693 985 1764 si
1012 1695 1304 1789 germinave-

214 1796 288 1887 rit,
311 1797 491 1870 crescit
513 1804 554 1870 et
581 1796 644 1869 fit
670 1798 810 1870 arbor
837 1804 878 1869 et
905 1795 968 1868 fit
994 1797 1143 1894 majus
1167 1799 1305 1871 omni-

214 1899 297 1970 bus
325 1898 447 1972 oleri
459 1903 551 1993 bus,
570 1901 655 1995 quia
667 1899 834 1994 regnavit
847 1897 1086 1992 Evangelium
1100 1901 1177 1996 ejus
1189 1925 1302 2004 usque

215 1991 259 2072 a'd
287 2001 375 2074 fines
403 2011 531 2076 terrae.
561 2004 638 2076 “In
656 2025 797 2075 omnem
818 2008 964 2094 terram,
991 2001 1053 2096 ait,
1080 2005 1169 2076 exiit
1195 2027 1304 2078 sonus

215 2104 497 2177 annunciationis
533 2104 717 2180 eorum⁵a
745 2104 802 2176 Et
838 2105 1038 2178 veniunt
1077 2107 1303 2181 volucres

216 2206 339 2278 oceli
367 2214 410 2278 et
436 2208 657 2281 habitant
683 2209 730 2280 in
755 2207 899 2280 ramis
927 2207 1040 2304 ejus,
1060 2217 1185 2304 gentes
1206 2210 1303 2284 defa-

214 2309 347 2404 tigatae
373 2309 561 2406 quiescunt
586 2312 625 2383 in
651 2312 732 2384 fide.
762 2331 777 2366 ¹⁴
795 2311 939 2404 Venite,
957 2310 1018 2402 ait,
1038 2311 1084 2382 ad
1103 2336 1159 2384 me
1177 2335 1302 2388 omnes

214 2411 400 2507 defatigati
411 2411 461 2488 6».
479 2415 519 2488 si
536 2413 711 2486 Dominus
738 2435 785 2488 ex
809 2413 964 2509 Virgine
987 2436 1060 2485 non
1077 2422 1182 2487 natus
1201 2422 1302 2490 etex

213 2515 364 2608 Virgine
381 2538 453 2588 non
470 2523 570 2590 ortus
589 2524 625 2589 et
642 2515 673 2590 si
690 2539 761 2589 non
777 2539 906 2612 passus
926 2523 1032 2610 esset,
1050 2517 1204 2590 animam
1224 2517 1301 2614 ejus

212 2639 416 2715 comparare
430 2626 578 2716 possent
595 2643 673 2698 cum
691 2619 840 2712 volucri,
860 2619 1010 2717 quaeda
1030 2620 1128 2694 caelo
1147 2621 1247 2694 venit
1265 2629 1301 2694 et

295 2899 322 2956 1.
344 2897 458 2956 Sensus
473 2897 536 2954 est:
551 2896 582 2956 si
595 2896 692 2972 quiea
702 2897 791 2955 nobis
805 2896 844 2956 ad
857 2893 1032 2954 haereticos
1042 2893 1229 2971 transiturus
1243 2896 1303 2953 est.

210 2989 215 2997 ’
282 2977 321 3032 ’2.
342 2975 457 3034 Sensus
472 2973 729 3034 esserideturzfli
741 2975 825 3034 Deus
841 2971 1303 3050 bonusunumidemquesemen

212 3070 311 3127 suum,
335 3073 377 3112 ac.
392 3055 538 3124 triticum,
559 3053 589 3110 in
610 3067 684 3125 agro
699 3069 755 3112 suo
771 3052 941 3122 seminarit,
964 3067 1059 3126 quare
1078 3069 1168 3110 unam
1181 3055 1301 3128 partem

211 3132 333 3190 seminis
353 3133 448 3208 prius,
470 3136 502 3188 et
522 3131 649 3188 alteram
670 3132 779 3208 postea
793 3131 966 3200 seminavit,
985 3129 1004 3186 i.
1017 3147 1045 3187 e.
1060 3147 1116 3188 our
1129 3130 1301 3188 doctrinam

210 3215 348 3268 veteram
363 3214 394 3267 et
407 3210 607 3287 apostolicam
621 3209 719 3284 primo
730 3207 913 3268 inmundum
927 3207 1019 3282 misit,
1035 3209 1066 3266 et
1079 3213 1189 3284 postea
1199 3208 1300 3280 aliam,

210 3289 331 3348 scilicet
358 3307 425 3347 eam
450 3306 538 3366 quam
566 3287 714 3344 haeretici
741 3303 846 3346 reram
864 3285 1002 3345 habent?
1022 3285 1131 3346 Nonne
1147 3305 1238 3344 unum
1254 3289 1301 3344 se-'
1363 3301 1365 3304 ·

187 3433 190 3438 ,
208 3383 279 3426 men
292 3385 381 3426 unam
397 3363 628 3424 seminationem
641 3365 769 3442 prodit?
790 3365 827 3424 Id
841 3381 915 3440 ergo
930 3361 1014 3440 quod
1026 3364 1177 3423 haeretici
1190 3365 1300 3442 postea

209 3450 422 3519 surrexerunt,
433 3443 555 3515 indicat,
568 3461 621 3502 cos
632 3461 692 3502 non
704 3459 773 3502 esse
785 3443 888 3502 exilia
898 3459 960 3500 una
970 3442 1173 3502 seminatione
1184 3443 1302 3501 Patris,

207 3523 238 3582 Si
249 3526 351 3581 autem
364 3542 426 3583 non
442 3523 622 3594 concedunt,
642 3520 797 3582 doctrinas
819 3539 917 3582 novas
931 3539 950 3579 a
962 3521 1029 3579 Deo
1053 3523 1084 3580 in
1105 3539 1142 3579 ea
1155 3525 1255 3598 parte,
1269 3523 1301 3580 in

207 3619 268 3676 qua
281 3603 346 3678 ipse
362 3603 532 3673 seminavit,
545 3601 710 3658 seminatas
724 3619 805 3674 esse,
831 3602 1055 3674 cousequenter
1070 3598 1222 3658 affirmare
1248 3599 1301 3657 de·
1332 3673 1333 3677 Ἰ

205 3679 290 3752 bent,
313 3696 365 3738 eas
380 3697 399 3737 a
412 3681 479 3737 Deo
498 3679 530 3736 in
553 3697 590 3736 ea
603 3680 691 3753 parte
713 3679 877 3736 seminatas
899 3694 978 3750 asse,
1001 3694 1080 3752 quae
1101 3677 1215 3736 diaboli
1237 3682 1297 3750 est,

206 3758 325 3818 scilicet
337 3758 418 3816 inter
431 3757 557 3830 zizania,
567 3760 621 3814 aut
632 3757 802 3815 concedere
814 3755 937 3830 debent,
947 3755 1029 3814 hunc
1039 3756 1227 3830 manipulum
1242 3773 1298 3814 no·

205 3852 313 3895 varum
328 3836 537 3894 doctrinarum
550 3852 611 3892 non
626 3851 666 3892 ex
680 3835 747 3909 Dei,
762 3835 817 3893 sed
841 3853 881 3892 ex
895 3832 1010 3895 diaboli
1024 3834 1225 3892 seminatione
1240 3851 1295 3892 ex-

205 3917 305 3972 ortum
320 3930 400 3972 esse.
414 3915 451 3972 In
464 3916 553 3971 textu
574 3912 656 3971 edito
677 3912 728 3970 lin.
745 3915 780 3970 18
794 3931 850 3988 pro
872 3915 1069 3986 washun-5
1093 3911 1255 3970 “definivit
1267 3941 1295 3983 a,

204 3993 264 4050 etsi
278 3998 408 4069 uterque
423 3993 523 4052 codex
536 3991 567 4049 id
581 3989 705 4064 habeat,
719 3991 880 4064 legendum
895 3993 962 4049 est:
978 3994 1166 4066 ubptutlrmg
1183 3989 1296 4050 “semi-

204 4071 291 4130 navit
303 4102 329 4143 s,
344 4075 379 4128 ut
387 4071 453 4145 jam
467 4070 593 4128 Aucher
604 4068 721 4128 monuit
734 4073 766 4127 et
779 4071 945 4128 contextus
959 4068 1105 4145 postulat.

280 4151 308 4206 3.
329 4149 417 4208 Haec
432 4166 495 4206 vox
509 4149 539 4205 in
555 4147 621 4208 cod.
637 4147 665 4205 A
680 4147 777 4206 deest.

280 4231 307 4284 4.
329 4227 404 4285 Luc.
421 4229 467 4299 12,
483 4229 531 4284 32.

281 4305 310 4362 5.
332 4306 421 4363 Psan.
438 4308 485 4377 18,
500 4307 518 4362 4
533 4307 564 4361 et
578 4304 617 4362 ad
630 4304 707 4362 Rom.
724 4305 771 4376 10,
789 4305 835 4360 16.

285 4385 314 4440 6.
336 4383 437 4442 Mara.
453 4387 500 4458 ll,
514 4385 563 4440 28.
