3268 5220
374 477 555 573 quianon,
575 479 763 570 antequam
776 473 1040 568 pronunciatur,
1057 497 1129 546 non
1142 478 1207 566 θεῖ,
1226 469 1262 544 et
1275 479 1469 569 postquam

374 579 606 678 pronunciata
632 585 698 672 θεῖ,
724 577 848 649 itidem
873 601 945 650 non
972 577 1104 649 existit.
1134 577 1259 672 ltaque
1293 599 1367 648 non
1391 601 1469 650 vox

377 691 454 756 erat
479 684 650 775 Verbum,
676 682 769 777 quod
796 705 842 753 ex
869 705 932 754 sua
957 688 1085 754 natura
1110 679 1303 753 similitudo
1329 680 1467 753 formae

374 784 494 860 Patris
513 786 568 859 sui
586 793 671 878 erat,
689 807 754 856 neo
771 808 842 857 vox
860 784 990 878 Patria,
1009 786 1072 857 sed
1088 785 1205 880 imago
1223 784 1309 880 ejus.
1328 783 1469 871 Quodsi

376 889 451 983 filii,
480 891 541 987 qui
567 914 588 961 a
613 895 648 960 te
675 895 916 984 procreantur,
943 888 996 960 tui
1016 888 1150 961 similes
1170 894 1263 980 sunt,
1290 887 1468 982 quomodo

375 1001 491 1090 putas,
517 993 633 1065 Deum
658 1002 781 1064 vocem
806 992 972 1088 genuisse
999 999 1035 1064 et
1060 1015 1132 1064 non
1156 989 1302 1064 Deum?
1330 991 1470 1078 Quodsi

376 1097 471 1170 filius
496 1096 693 1190 Elisabeth,
728 1096 789 1192 qui
813 1119 885 1169 vox
910 1103 1133 1192 nuncupatus
1160 1102 1226 1188 est,
1260 1096 1364 1167 horno
1398 1101 1469 1187 est,

378 1202 486 1272 etiam
503 1200 612 1293 Deus,
640 1200 700 1296 qui
718 1199 918 1298 appellatus
941 1207 996 1272 est
1012 1201 1183 1292 Verbum,
1209 1199 1308 1297 Deus
1334 1205 1399 1270 est.
1426 1199 1469 1272 Si

378 1305 511 1402 objicis,
545 1304 677 1378 Filium
712 1327 881 1400 expresse
906 1304 945 1375 in
971 1303 1154 1400 Scriptura
1187 1303 1328 1374 nomine
1363 1303 1468 1375 verbi

378 1408 569 1504 designari,
586 1407 759 1502 intellige,
775 1409 799 1479 J
800 1430 960 1501 oannem,
978 1409 1039 1504 qui
1056 1407 1190 1504 pariter
1212 1429 1283 1479 vox
1308 1413 1467 1496 vocatur,

379 1518 558 1608 tamquam
585 1534 772 1607 personam
800 1511 977 1605 existere,
997 1511 1105 1584 simili
1121 1510 1257 1583 ratione
1278 1509 1387 1604 Deus,
1404 1509 1469 1606 qui

377 1623 524 1688 vocatur
540 1617 699 1708 verbum,
727 1614 833 1685 etiam
859 1614 1019 1688 Verbum
1045 1615 1143 1686 Deus
1162 1621 1217 1686 θεῖ
1231 1613 1255 1685 ⁴.
1273 1613 1322 1714 ,si
1347 1621 1469 1686 autem

377 1719 545 1816 opinaris,
561 1717 694 1791 Filium
711 1741 789 1790 esse
811 1717 1059 1813 cogitationem
1076 1717 1205 1811 Patris,
1222 1740 1364 1814 quaero,
1381 1741 1470 1790 num

380 1823 491 1894 semel
508 1822 640 1916 cogitat
657 1821 793 1894 Pater?
823 1821 958 1909 Quodsi
978 1821 1110 1894 multae
1134 1829 1216 1894 sunt
1234 1821 1267 1892 ei
1285 1821 1470 1916 cogitatio-

378 1951 454 2020 nes,
472 1927 645 2022 quomodo
662 1925 724 1997 ille
743 1932 797 1998 est
814 1925 1061 2020 Unigenitus?
1088 1926 1137 1998 Et
1155 1925 1186 1996 si
1202 1925 1317 1998 Filius
1335 1931 1392 1998 est
1409 1947 1469 1996 oo·

379 2031 503 2125 gitatio
521 2029 616 2102 intra
633 2053 724 2122 eum,
742 2029 915 2124 quomodo
933 2037 988 2100 est
1005 2029 1050 2101 ad
1067 2029 1229 2102 dextram
1247 2027 1354 2125 ejus?

483 2135 518 2206 A
545 2133 786 2229 principio
823 2140 925 2204 erat
957 2134 1172 2206 Verbum.
1209 2133 1280 2206 Sed
1297 2155 1369 2204 nou
1386 2156 1469 2206 ver-

379 2238 475 2336 bum,
493 2236 587 2330 quod
601 2239 665 2308 sub
683 2236 783 2307 initio
801 2237 925 2308 mundi
938 2237 1130 2330 dicebatur,
1146 2237 1213 2308 hoe
1225 2237 1384 2308 Verbum
1403 2247 1471 2330 est,

381 2340 475 2435 quod
492 2346 573 2410 ante
592 2339 732 2410 initium
747 2348 782 2411 et
800 2348 881 2411 ante
899 2346 1039 2436 tempus
1054 2348 1119 2434 est,
1137 2341 1220 2436 quia
1236 2359 1302 2410 neo
1319 2339 1395 2411 dies
1408 2340 1472 2412 da-

381 2451 451 2538 tur,
469 2465 533 2515 nec
550 2449 702 2540 tempus,
720 2468 788 2539 quo
807 2444 924 2539 ipsum
941 2467 1013 2516 non
1030 2451 1107 2516 erat
1120 2443 1145 2516 ².
1163 2445 1323 2516 Verbum
1344 2465 1472 2516 uerum

381 2553 447 2639 est,
474 2547 567 2642 quod
593 2570 662 2618 non
689 2571 759 2618 uno
786 2557 944 2642 temporo
970 2555 1026 2629 est
1061 2547 1191 2620 etalio
1224 2571 1296 2619 non
1321 2553 1386 2639 est,
1408 2555 1472 2618 aut

380 2651 474 2746 quod
504 2650 691 2746 aliquando
709 2675 780 2722 non
810 2649 878 2722 fuit
905 2658 940 2722 et
965 2651 1154 2746 aliquando
1174 2650 1305 2722 factum
1323 2657 1388 2744 est,
1406 2650 1472 2723 sed

381 2753 475 2850 quod
493 2777 643 2850 semper,
671 2754 846 2847 continuo,
873 2756 917 2827 ab
943 2754 1055 2848 initio,
1083 2758 1127 2828 ab
1161 2754 1369 2827 aeternitate
1394 2755 1473 2851 jam

373 2864 468 2948 erat.
496 2857 681 2950 Quoniam,
707 2858 768 2954 qui
793 2857 928 2954 profert
952 2859 1124 2952 Verbum,
1150 2864 1314 2931 aeternus
1342 2865 1407 2951 est,
1435 2864 1473 2930 et

383 2963 467 3056 quia
483 2962 643 3034 Verbum
669 2962 735 3034 hoo
754 2961 868 3034 simile
887 2969 941 3034 est
959 2961 1089 3034 dicenti
1106 2971 1143 3034 et
1158 2963 1318 3036 Verbum
1336 2969 1391 3034 est
1418 2961 1472 3032 di-

381 3066 504 3156 centis,
530 3064 609 3135 ideo
625 3061 636 3135 τ’
663 3087 678 3120 e
695 3067 730 3137 A
756 3065 940 3162 principio,
967 3065 1027 3159 ait,
1046 3073 1123 3138 erat
1138 3067 1298 3140 Verbum
1312 3106 1340 3140 n.
1367 3065 1414 3138 Et
1430 3073 1473 3138 ut

381 3169 595 3260 ostenderet,
614 3167 689 3264 ejus
708 3167 849 3240 ortum5
868 3191 969 3241 omne
988 3169 1129 3242 initium
1146 3176 1183 3242 et
1199 3169 1369 3244 terminos
1382 3176 1472 3242 tem·

381 3294 508 3366 porum
525 3271 748 3367 praecedere,
767 3271 875 3344 dixit:
898 3279 1003 3345 “erat
1017 3279 1044 3348 t.

463 3483 490 3537 1.
511 3479 546 3536 In
562 3478 629 3536 cod.
644 3479 669 3537 B
683 3481 728 3538 ita
740 3481 869 3558 legitur:
891 3483 932 3540 Et
945 3485 1083 3554 verbum,
1105 3481 1186 3558 quod
1205 3500 1245 3540 ex
1259 3483 1325 3542 Deo
1341 3484 1399 3552 est,
1412 3493 1465 3536 ro-

382 3560 483 3616 satum
499 3559 547 3616 est
560 3558 654 3635 Deus,
669 3559 739 3636 quia
753 3563 880 3620 verbum
894 3561 951 3620 Dei
964 3562 1047 3620 Deus
1063 3566 1111 3620 est
1123 3593 1150 3622 a.

458 3639 487 3694 2.
508 3638 639 3707 Textum
662 3639 774 3698 codicis
794 3641 820 3698 B
850 3642 882 3699 in
902 3641 1050 3700 vertenda
1075 3641 1132 3698 hac
1160 3639 1314 3698 sententia
1340 3641 1465 3697 secutus

385 3733 461 3773 snm.
477 3718 594 3775 Textus
615 3719 782 3794 impressus
796 3719 995 3795 probabiliter
1015 3721 1095 3778 huno
1115 3719 1209 3777 habet
1223 3737 1364 3777 sensum:
1384 3717 1463 3776 Nam

383 3796 455 3870 quia
467 3799 587 3873 tempus
601 3797 699 3872 datur,
714 3814 774 3873 quo
788 3798 846 3858 hoc
860 3799 988 3858 verbum
1002 3799 1046 3866 (in
1057 3798 1214 3856 creatione
1224 3797 1329 3856 mundi
1338 3797 1465 3870 dictum)

383 3892 444 3932 non
458 3879 534 3949 erat,
549 3875 653 3950 sedis,
668 3876 718 3952 qui
732 3876 762 3934 id
777 3877 854 3936 dixit
865 3878 975 3950 (solus)
988 3881 1064 3951 erat,
1079 3880 1331 3952 consequeretur,
1343 3880 1465 3952 tempus

382 3951 489 4026 fuisse,
503 3972 562 4030 quo
576 3952 675 4029 ipsum
688 3955 824 4015 Verbum
836 3956 945 4027 (Filius
955 3957 1026 4030 Dei)
1035 3975 1097 4016 non
1109 3956 1274 4015 existebat.
1284 3954 1402 4013 Textus
1416 3969 1467 4012 oo-

384 4031 459 4090 diois
473 4033 507 4092 B.
522 4031 740 4109 praeferendus
758 4039 815 4092 θεῖ.

463 4114 490 4168 3.
512 4110 560 4170 Ad
574 4113 721 4171 verbum:
749 4129 762 4160 a
775 4115 850 4190 Ejus
864 4114 1084 4173 revelationem
1096 4142 1123 4188 a,
1147 4112 1166 4170 i.
1182 4131 1209 4171 e.
1230 4111 1380 4171 revelatio
1395 4113 1463 4189 ejus

384 4190 424 4248 ad
435 4190 526 4264 intra,
540 4190 674 4266 gloriosa
687 4193 754 4268 ejus
776 4211 814 4250 ex
835 4195 928 4252 Patre
944 4193 1039 4268 origo.
1059 4191 1097 4249 ln
1116 4191 1194 4268 Syro
1209 4191 1273 4248 sine
1288 4191 1381 4250 dubio
1396 4194 1466 4249 erat

384 4272 468 4327 (ἰθεῖα
494 4270 575 4346 quod
606 4269 756 4344 significat
786 4277 895 4346 ortum,
926 4271 1119 4349 splendorem
1146 4273 1177 4328 et
1204 4270 1467 4328 illuminationem.

384 4347 469 4408 Haeo
484 4348 637 4408 sententia
652 4367 691 4406 ex
706 4350 811 4408 codiee
826 4351 851 4408 B
866 4353 1017 4410 translata
1031 4353 1088 4422 ost,
1110 4349 1181 4426 quia
1196 4349 1295 4410 codex
1307 4349 1336 4407 A
1350 4347 1465 4408 daleam

383 4425 478 4485 habet
492 4427 710 4488 sententiarum
727 4429 914 4489 divisionem.
