3330 5200
360 381 430 452 146

302 479 305 497 l

361 509 547 606 respondit
579 509 723 583 dicens:
764 510 863 584 Non
890 518 961 582 est
996 511 1108 584 mihi
1144 509 1346 606 adjutor,
1377 511 1457 605 qui

247 609 249 615 ’
360 637 424 686 me
444 613 675 708 dimittat,
695 621 740 686 et
762 614 970 708 dumego
998 615 1164 686 tardus
1190 636 1256 684 me
1283 635 1455 707 moveo,

349 716 446 810 jam
474 715 602 789 alius
639 723 747 788 ante
774 741 839 788 me
874 716 1135 790 descendit.
1170 717 1220 788 Et
1247 739 1313 812 per
1344 739 1457 790 annos

356 819 507 912 triginta
526 827 604 892 ooto
622 821 731 892 talem
757 843 829 890 nou
855 819 1001 892 invenit.
1030 819 1167 907 Quibus
1195 819 1299 891 dictis
1327 820 1454 892 Iudaei

356 923 632 1015 confunduntur,
651 923 800 1018 quinon
820 923 980 1014 credunt,
1000 923 1216 1018 baptismum
1239 929 1385 1016 peecata
1403 917 1456 996 diss

356 1024 509 1096 mittere.
539 1026 577 1098 si
604 1026 699 1096 enim
726 1026 885 1118 credunt,
914 1049 979 1120 per
1005 1049 1132 1120 aquam
1161 1025 1256 1097 Siloa
1284 1024 1455 1120 angelum

360 1150 506 1200 sanasse
533 1129 724 1220 infirmum,
744 1135 875 1223 quanto
902 1127 1017 1221 magis
1042 1129 1188 1200 credant
1215 1135 1366 1222 oportet,
1392 1153 1456 1201 an·
1525 1193 1527 1196 .

357 1231 520 1323 gelorum
548 1231 740 1312 Dominum
768 1255 832 1327 per
869 1231 1085 1326 baptismum
1112 1234 1156 1304 ab
1184 1231 1281 1302 omni
1315 1232 1456 1304 macula

358 1334 547 1426 purificare
565 1333 604 1404 ¹?
631 1335 679 1406 Et
698 1333 782 1430 quia
800 1333 1023 1429 opinabatur,
1044 1335 1154 1406 solam
1183 1357 1311 1427 aquam
1336 1333 1454 1430 ipsum

353 1435 545 1530 jurare,ei
564 1437 679 1508 dixit:
700 1437 862 1530 Surge,
881 1436 1001 1508 tolle
1022 1439 1302 1530 grabbatum
1328 1441 1455 1510 tuum

356 1545 402 1608 et
427 1539 556 1610 vade.
592 1539 764 1612 Peccator
793 1547 870 1610 erat
897 1546 933 1610 et
960 1538 1128 1633 infidelis,
1155 1540 1250 1635 quod
1279 1539 1455 1612 Dominus

357 1647 511 1715 testatur
540 1641 686 1714 dicens:
722 1641 835 1740 Noli
862 1642 1066 1736 amplius
1094 1665 1305 1738 peccare.
1333 1643 1453 1715 Intra-

355 1743 408 1815 vit
420 1745 563 1838 justitia
595 1746 686 1816 etin
704 1769 764 1816 ore
784 1737 858 1841 ejus
878 1744 985 1815 fidem
1005 1745 1192 1840 qnaesivit,
1213 1747 1275 1818 sed
1305 1769 1378 1818 non
1399 1747 1454 1818 in-

354 1847 477 1942 venit,
497 1849 636 1920 sanavit
655 1873 735 1920 eum
753 1847 1010 1940 misericordia,
1027 1871 1073 1919 ne
1092 1849 1208 1942 gratia
1224 1872 1337 1922 vacua
1355 1857 1453 1922 tran-

356 1949 454 2022 siret.
907 2008 911 2012 .
1411 2021 1414 2025 ,

461 2053 841 2148 Stainpedibus,
861 2077 987 2126 sume
1008 2057 1289 2147 grabbatum
1314 2063 1454 2148 tunm,

355 2160 400 2226 et
426 2157 543 2230 vade
570 2157 616 2228 in
643 2150 821 2228 domum
848 2163 985 2228 tuam.
1013 2158 1141 2228 Nonne
1172 2158 1370 2233 sufficiebat
1401 2159 1454 2230 di-

354 2280 459 2330 cere:
480 2259 606 2354 Surge,
625 2259 798 2332 ambula?
825 2261 955 2333 Nonne
978 2267 1013 2330 et
1030 2261 1097 2331 boe
1127 2261 1338 2338 miraculum
1369 2262 1455 2334 suis-

304 2411 306 2416 .
357 2367 424 2454 set,
444 2362 485 2454 si,
506 2363 624 2456 quiin
643 2385 705 2434 suo
725 2363 816 2433 leoto
836 2387 873 2433 se
900 2369 1042 2434 vertere
1071 2387 1143 2434 non
1163 2364 1316 2456 valebat,
1337 2365 1455 2437 subito

354 2471 520 2558 surgeret
536 2473 572 2536 et
596 2465 820 2537 ambularet?
830 2467 966 2538 Verum
981 2473 1021 2536 ut
1035 2465 1209 2537 Dominus
1224 2475 1453 2560 monstraret,

355 2591 393 2637 se
403 2566 663 2662 illiperfectam
674 2555 862 2638 sanitatem
873 2569 1025 2660 dedisse,
1040 2569 1455 2668 adjunxitpraeceptum,

353 2677 394 2740 ut
408 2669 539 2742 lectum
559 2671 766 2766 susciperet.
781 2672 863 2742 Non
883 2671 978 2741 enim
993 2671 1194 2744 admodum
1214 2681 1453 2767 aegrotorum,

350 2773 412 2866 qui
440 2773 573 2846 sensim
601 2774 746 2846 sanitati
774 2773 1025 2865 restituuntur,
1054 2797 1135 2847 eum
1164 2777 1314 2869 sanavit,
1341 2801 1452 2872 quare

352 2874 469 2946 dixit:
493 2897 507 2931 α
526 2876 590 2948 Sta
608 2879 645 2948 in
664 2877 826 2972 pedibus,
845 2875 931 2951 tolle
960 2879 1173 2970 grabbatum
1201 2887 1302 2950 tuum
1324 2887 1360 2951 et
1378 2904 1452 2952 am·-

350 2977 436 3050 bula
453 3019 480 3059 a·
501 2979 539 3050 Si
558 2981 653 3052 enim
670 2979 733 3050 ille
751 2986 896 3070 taceret,
911 2979 1025 3051 lectus
1040 2981 1118 3076 ejns
1136 2981 1316 3054 clamaret.
1332 2983 1451 3070 Quum

352 3104 439 3152 vero
470 3083 596 3155 ludaei
627 3107 708 3156 enm
736 3082 922 3176 vidissent,
955 3083 1146 3154 dixerunt:
1179 3085 1293 3172 Quis
1325 3085 1453 3160 dixit

352 3183 468 3257 tibi:
488 3177 627 3259 Tolle
655 3187 830 3258 lectum
858 3185 1329 3281 tuumtDimiserunt,nt
1357 3189 1451 3262 Scri-

353 3295 460 3384 ptura
473 3288 618 3383 iudicat,
634 3313 712 3361 oum
731 3287 896 3360 suscitari
911 3313 918 3358 :
932 3310 946 3344 u
961 3288 1049 3376 Quis
1063 3295 1098 3359 te
1115 3291 1254 3364 sanavit
1267 3331 1296 3384 a,
1307 3298 1342 3362 et
1352 3292 1453 3364 dixe-

352 3398 458 3462 runt:
493 3391 607 3478 Quis
634 3390 886 3488 praecepit
925 3390 1026 3480 tibi,
1054 3393 1231 3465 tollere
1267 3395 1450 3467 lectum

355 3501 566 3588 superte
595 3497 668 3566 die
697 3491 913 3566 sabbati?
942 3494 1105 3587 Ocaeci,
1135 3497 1251 3590 stulti,
1289 3497 1388 3570 surdi
1415 3503 1452 3569 et

352 3593 539 3690 insensati,
567 3599 654 3694 qnid
682 3603 747 3690 est,
767 3596 861 3692 quod
888 3619 999 3666 unum
1027 3596 1207 3670 dimittitis
1235 3606 1271 3670 et
1297 3599 1451 3674 alterum

256 3720 258 3729 ’
352 3700 554 3792 quaeritis?
582 3701 700 3788 Quum
728 3700 789 3772 isti
817 3721 1003 3770 caecorum
1030 3698 1144 3772 instar
1171 3702 1450 3797 interrogarent,

352 3800 426 3892 ille,
441 3802 502 3896 qui
520 3812 666 3876 sanatus
678 3809 749 3896 est,
768 3802 925 3874 lucidum
941 3802 991 3872 eis
1010 3825 1227 3897 responsum
1244 3805 1353 3898 dedit,
1367 3807 1452 3903 quia

351 3903 544 3978 advocatus
572 3915 649 3980 erat
674 3907 832 4003 prudens
852 3911 888 3976 et
914 3903 1148 4000 illuminatus,
1172 3931 1276 4004 quem
1307 3910 1449 4006 sapiens

353 4007 511 4082 medicus
525 4011 634 4104 misit,
648 4017 689 4082 'ut
708 4014 915 4084 aberrantes
933 4007 971 4078 in
988 4015 1122 4080 rectam
1136 4010 1232 4084 viam
1250 4011 1449 4084 reduceret.

436 4195 464 4252 1.
483 4194 608 4253 Aucber
630 4195 727 4254 verba
750 4195 893 4254 accurate
919 4193 1063 4270 exprimit
1082 4197 1227 4256 vertens:
1253 4197 1449 4257 “Albedines

354 4270 501 4332 dealbare
513 4303 540 4347 n,
551 4274 607 4332 sed
618 4276 649 4333 et
660 4291 782 4332 sensum
798 4275 911 4333 indicat
934 4274 1104 4334 adnotans:
1129 4278 1266 4334 maculas
1293 4276 1449 4335 dealbare.
1476 4311 1478 4320 ι

348 4350 388 4413 1η
413 4353 540 4426 Syriaco
565 4353 630 4411 sine
656 4351 748 4411 dubio
770 4355 854 4412 erat:
881 4351 1052 4414 dealbanda
1078 4353 1234 4432 dealbare,
1248 4355 1268 4414 i.
1284 4373 1312 4416 e.
1328 4355 1450 4416 omnino

354 4432 516 4493 candidum
532 4433 563 4492 et
576 4449 686 4510 purum
702 4431 815 4494 facero.
856 4442 857 4445 ’
