3268 5220
1211 331 1256 402 75

177 479 265 554 qnae
299 481 370 532 non
397 454 538 555 dormit,
572 455 794 532 manifestam
829 455 1007 532 redderet.
1038 458 1256 556 Increpa-

177 561 244 634 vit
269 570 458 640 ventum
485 569 529 634 et
554 563 775 636 cessavit.
804 561 904 652 Quae
930 563 1045 636 virtus
1072 569 1127 636 est
1153 562 1254 654 haec,

176 673 235 737 aut
251 665 370 762 qualis
389 665 577 739 clementia
593 665 708 740 Iesu?
725 667 774 740 Vi
799 667 894 738 euim
920 673 956 740 et
980 667 1130 766 imperio
1155 688 1254 738 mars
1331 743 1343 752 ,

175 769 240 842 sibi
258 769 403 867 subjicit
418 770 442 844 ¹.
468 769 540 842 Per
557 770 594 843 id
612 794 709 866 ergo,
735 771 829 868 quod
848 794 949 842 suum
967 794 1038 844 non
1056 778 1123 864 est,
1149 769 1254 842 nimi·

173 897 252 946 rum
280 898 346 972 per
373 881 622 971 tempestatem
648 873 756 946 maris
784 880 820 948 et
845 897 910 972 per
936 873 1018 946 illos
1054 875 1254 968 daemones,

172 999 259 1072 quos
286 980 531 1052 obmutescere
557 977 651 1074 fecit,
677 977 844 1072 ostendit,
863 1001 901 1051 se
925 1001 1004 1052 esse
1028 979 1141 1052 filium
1158 1000 1255 1052 crea·

172 1079 271 1154 toris.

273 1183 474 1280 Gergeseni
508 1184 695 1258 consilium
728 1190 907 1282 ceperant,
942 1208 1057 1282 neque
1086 1183 1254 1289 exeundi,
1366 1249 1368 1258 .

168 1309 285 1383 neque
304 1288 450 1362 videndi
468 1288 611 1384 signum
626 1287 780 1362 Domini.
798 1289 885 1362 Ideo
903 1289 1087 1363 suffocavit
1105 1307 1253 1386 gregem

168 1413 358 1485 porcorum
375 1415 507 1485 eorum,
526 1399 566 1464 ut
581 1391 686 1466 iuviti
703 1393 852 1466 exirent.
869 1391 994 1487 Legio,
1012 1416 1102 1490 quaa
1120 1393 1165 1466 ad
1178 1415 1253 1466 mo·

168 1493 322 1567 destiam
335 1495 500 1591 redierat,
514 1495 631 1592 figura
644 1503 699 1570 est
711 1497 844 1591 mundi,
861 1495 923 1592 qui
934 1495 980 1568 ad
992 1495 1201 1570 modestiam
1215 1503 1252 1570 et

165 1597 397 1672 sobrietatem
414 1603 697 1694 convertebatur,
723 1601 823 1698 cujus
848 1600 946 1672 furor
967 1600 1196 1696 mitigabatur
1214 1607 1252 1673 et

167 1702 362 1776 sedabatur
373 1705 417 1778 ab
437 1728 478 1776 eo
492 1703 554 1801 qui
566 1703 684 1777 omnia
695 1703 858 1777 vivificat.
869 1702 907 1776 Si
916 1702 1105 1776 daemones
1114 1703 1152 1777 in
1166 1725 1250 1777 sues

163 1827 236 1876 non
248 1813 444 1902 potuerunt
456 1808 601 1902 intrare,
612 1809 723 1880 donec
732 1805 1002 1904 permissionem
1015 1807 1252 1905 accepissent,

162 1909 277 1981 multo
291 1910 408 1984 minus
420 1910 458 1983 in
471 1911 662 2008 imaginem
674 1911 743 1984 Dei
756 1917 907 2008 possunt
923 1909 1068 1984 intrare.
1086 1911 1250 1986 Audiant

163 2011 341 2107 infideles,
355 2013 539 2088 Christum
552 2015 741 2088 daemones
760 2037 806 2088 ex
819 2037 889 2088 uno
905 2014 1031 2111 ejicere
1050 2022 1086 2088 et
1103 2015 1140 2088 in
1159 2015 1249 2089 alios

163 2115 357 2190 immittere
382 2141 499 2216 posse,
526 2125 562 2192 et
588 2119 779 2192 Dominum
804 2119 929 2192 timere
955 2119 1135 2218 incipiant.
1159 2118 1248 2208 Quis

165 2219 262 2292 enim
282 2243 342 2294 eos
361 2245 383 2293 a
400 2221 641 2312 daemonibus,
659 2222 720 2320 qui
738 2221 775 2293 in
792 2221 996 2296 abscondito
1012 2230 1106 2317 sunt,
1126 2246 1247 2298 serva-

164 2323 228 2416 bit,
254 2323 327 2396 nisi
343 2324 375 2398 is
393 2327 455 2422 qui
481 2351 541 2400 eos
560 2326 598 2400 iu
614 2349 752 2424 porcos,
778 2349 851 2398 non
877 2333 996 2400 autem
1021 2328 1059 2399 in
1084 2327 1246 2401 homines

163 2427 300 2501 intrare
312 2429 432 2525 jussit.
442 2429 496 2504 Dc
510 2439 578 2529 quo
592 2429 777 2504 dixerunt:
795 2452 810 2488 α
824 2429 988 2503 Profecto
1000 2431 1248 2528 perBelzebul

165 2531 260 2630 ejicit
279 2533 464 2606 daemonia
481 2574 509 2627 a,
535 2533 565 2608 is
588 2557 668 2607 cum
686 2533 818 2608 Satara
833 2534 872 2608 in
887 2541 1018 2629 monte,
1037 2536 1149 2609 ethic
1167 2557 1247 2608 cum

163 2633 336 2732 Legione,
355 2637 443 2710 duce
462 2639 550 2735 ejus,
569 2637 730 2710 certavit.
748 2637 804 2710 Et
820 2661 954 2735 quum
971 2637 1246 2714 intrassent

164 2737 212 2811 in
237 2763 418 2837 porcos,
445 2743 608 2816 statim
634 2741 938 2814 suffocarunt
964 2766 1054 2834 eos,
1080 2750 1121 2816 ut
1145 2742 1246 2818 beni-

164 2866 238 2938 gna
254 2842 399 2918 Domini
413 2851 542 2919 natura
566 2851 767 2944 appareret,
793 2869 882 2941 quae
905 2845 1007 2918 illum
1032 2846 1150 2920 virum
1169 2869 1243 2920 ser·

163 2946 272 3020 ravit.
307 2949 363 3020 Et
389 2949 636 3024 daemones
662 2955 925 3046 coeperunt
960 2950 1242 3048 procerius

164 3073 244 3123 eos
270 3074 326 3124 ex
350 3053 433 3126 hoc
467 3053 568 3128 loco
602 3053 1092 3152 expellereteosque
1130 3057 1242 3126 ante

164 3160 349 3251 tempus
388 3155 435 3228 in
475 3158 734 3252 gehennam
771 3157 998 3230 mitteret.
1029 3157 1100 3246 Qui
1126 3156 1240 3230 dixit:

167 3279 183 3314 «ι
200 3257 382 3332 Discedite
396 3260 564 3357 inignem
584 3268 778 3355 aeternum,
804 3262 899 3358 quod
920 3268 1082 3358 paratum
1101 3268 1158 3334 est
1180 3261 1244 3334 Sa·

164 3366 270 3436 tanae
289 3369 325 3436 et
342 3365 481 3462 angelis
499 3367 576 3464 ejus
594 3405 622 3460 a,
644 3365 816 3462 quomodo
833 3365 892 3438 hic
905 3363 1108 3467 belzebul2
1125 3364 1243 3462 ejecit,

164 3465 267 3562 eique
287 3467 485 3563 gehennam
502 3469 657 3544 indixit?
685 3468 787 3558 Quod
805 3468 856 3542 ita
874 3492 912 3543 se
929 3469 1074 3564 habere,
1091 3475 1244 3542 testatur
1345 3497 1350 3512 ·

163 3572 342 3646 verbum:
380 3575 472 3650 “Ne
500 3597 560 3648 eos
586 3574 745 3648 mitteret
774 3579 857 3648 ante
883 3580 1024 3671 tempus
1049 3572 1088 3646 in
1113 3573 1244 3670 gehen-

165 3673 319 3749 1111115».

243 3961 270 4016 1.
289 3958 472 4022 Haereticos
484 3961 514 4021 b
528 3962 547 4020 l.
561 3959 686 4034 refutat,
700 3959 752 4037 qni
766 3957 919 4034 dixerunt,
933 3959 1037 4020 Iesum
1050 3958 1242 4020 solummodo

166 4035 289 4112 bonum,
309 4057 371 4098 uon
384 4045 486 4100 antem
500 4045 532 4099 et
541 4043 659 4120 justum
678 4041 776 4098 Deum
798 4057 877 4098 csse.
891 4039 948 4098 His
961 4058 987 4098 s.
1000 4041 1095 4099 Pater
1114 4057 1257 4116 respon.

166 4113 227 4192 det,
247 4118 351 4178 Iesum
370 4119 401 4178 in
420 4120 479 4182 boo
498 4119 646 4180 miraculo
667 4138 729 4179 non
749 4117 949 4196 clementiam,
971 4120 1027 4180 sed
1041 4117 1103 4178 rim
1116 4116 1242 4178 manife-

166 4198 259 4262 stare.

243 4277 271 4333 2.
293 4273 370 4338 Ood.
383 4277 428 4336 B:
444 4291 526 4355 “per
541 4275 706 4336 Beelzebul
719 4306 745 4350 a,
758 4276 812 4334 sed
827 4277 934 4337 eontra
947 4279 1138 4356 contextum.

241 4357 269 4412 3.
288 4355 339 4418 Ex
350 4355 398 4416 his
408 4356 512 4416 uerbis
522 4373 631 4434 nempe
640 4356 736 4435 patet,
747 4355 890 4416 Sattansa
902 4353 1004 4431 ignem
1017 4356 1175 4416 aeternum
1187 4369 1241 4434 pa·

164 4432 264 4494 ratum
278 4449 349 4499 esse
363 4453 494 4514 eumque
508 4436 641 4498 nondum
654 4436 685 4496 in
698 4433 871 4514 gehennam
883 4434 1017 4494 missum.
1075 4429 1089 4462 '
