3344 5200
375 373 447 446 264

247 524 250 531 ·
375 520 525 597 corpora
540 500 654 595 ligare
674 503 827 577 volebat.
845 499 968 577 Induit
995 497 1169 576 Dominus
1197 521 1326 598 corpus
1347 510 1385 576 et
1403 499 1469 576 inr-

377 604 544 678 mortalis
568 604 651 676 lecit
678 628 849 724 corpora,
856 629 947 701 quae
973 613 1125 678 mortem
1143 605 1334 678 induerant
1348 605 1373 678 ¹.
1397 605 1470 678 Βει

377 707 499 780 nudat‘
474 713 523 780 tro
550 708 709 804 corporis
735 711 812 806 ejus
838 710 877 781 in
903 731 1020 826 cruce,
1042 707 1233 781 denudatio
1263 717 1318 782 cst
1344 709 1470 782 mortis

378 816 459 883 nost
460 833 532 904 rae,
550 818 586 884 et
604 812 780 909 depositio
807 811 966 908 corporis
984 811 1060 908 ejus
1078 810 1115 884 in
1134 811 1311 908 sepulcro,
1338 810 1469 928 spolia·-

378 911 428 985 tio
446 920 502 986 est
513 913 620 1008 uitae,
634 938 725 1010 quac
739 923 795 988 est
812 939 858 988 ex
876 914 1043 987 mundo²
1062 914 1146 986 Non
1165 921 1306 1010 tempus
1324 907 1469 988 delicia-

374 1039 458 1088 rum
474 1015 580 1111 hujus
608 1018 732 1090 mundi
758 1042 823 1092 nos
842 1016 1056 1110 emollivit5,
1073 1039 1139 1088 nec
1165 1017 1373 1112 magnitudo
1392 1040 1469 1090 cer·-

269 1147 273 1153 ·
377 1118 521 1192 tamiris
534 1121 611 1216 ejus
623 1144 688 1193 nos
707 1123 786 1196 obst
784 1120 952 1218 upefecit.
970 1121 1053 1193 Non
1069 1119 1212 1216 decepit
1228 1139 1294 1194 nos
1311 1120 1472 1195 medulla

377 1221 551 1297 donorum
578 1222 665 1319 ejus,
692 1247 759 1296 neo
783 1223 944 1298 titillavit
969 1243 1035 1296 nos
1065 1245 1196 1320 pompa
1229 1221 1469 1298 chorearum'⁸

377 1325 465 1421 ejus.
484 1325 568 1400 Non
593 1327 861 1423 comprehendit
887 1349 951 1401 nos
976 1325 1146 1502 laqueus
1145 1325 1357 1402 insidiarum
1380 1327 1468 1444 ejnrs,

377 1451 443 1501 nec
465 1429 589 1504 lancea
612 1435 705 1502 mort
690 1425 872 1502 tifera5‘
841 1453 918 1528 eJus
944 1427 1111 1523 regnavit
1135 1428 1174 1502 in
1199 1429 1315 1522 nobis,
1332 1429 1395 1526 qui
1416 1431 1471 1500 in·

377 1539 586 1608 sectatorem
606 1541 642 1604 et
628 1531 811 1606 tdissolut
796 1539 911 1608 torem
929 1533 1006 1628 ejus
1024 1531 1295 1627 cognorimus&
1484 1602 1502 1630 .-

480 1635 560 1708 Duo
585 1634 754 1731 baptismi
780 1637 875 1733 apud
901 1635 1105 1728 Dominum,
1122 1635 1279 1708 omnium
1301 1633 1467 1734 purifice-

375 1745 501 1827 torem,
521 1738 658 1812 inventi
677 1745 771 1832 sunt,
789 1763 882 1812 unus
894 1761 1013 1855 'aquae
1031 1743 1068 1812 et
1085 1737 1178 1812 alter
1194 1739 1322 1833 crucis,
1340 1745 1381 1812 ut
1402 1761 1466 1834 per

375 1842 588 1938 baptismum
608 1842 786 1959 passionis
804 1842 1021 1938 baptismum
1038 1865 1151 1938 aquae
1164 1842 1318 1916 doceret.
1337 1841 1466 1916 Poeni-

375 1944 488 2017 tentia
514 1968 637 2017 corum
658 1944 720 2044 qui
745 1951 995 2042 peccaverunt,
1012 1945 1173 2042 ipsorum
1199 1945 1381 2018 crucifixio
1399 1949 1467 2036 εει,

374 2028 465 2143 qirae
483 2051 641 2121 membra
667 2071 790 2122 eorum
816 2049 855 2121 ιιι
880 2045 1089 2122 abscondito
1113 2047 1296 2143 transfigit
1312 2054 1350 2120 et
1373 2044 1466 2120 iubi-

375 2152 446 2241 bet,
420 2156 511 2221 tne
528 2150 702 2246 cupiditat
651 2151 783 2224 tatibus
801 2151 871 2224 acti
888 2149 1084 2243 ambulent,
1101 2157 1138 2224 et
1163 2151 1255 2224 hano
1284 2149 1466 2248 praedica-

374 2251 427 2324 vit
443 2254 596 2326 Ioannes
613 2261 696 2326 ente
713 2253 915 2326 Dominum.
934 2253 1015 2326 Duo
1036 2276 1124 2348 ergo
1148 2253 1318 2351 baptismi
1343 2273 1466 2328 neees-

327 2399 329 2403 ·
376 2354 461 2428 sarii
480 2361 564 2430 sunt
575 2355 684 2452 justis
711 2362 748 2428 et
764 2356 1010 2454 peccatoribus
1024 2356 1051 2450 ⁷,
1070 2363 1107 2430 et
1128 2377 1221 2430 unus
1248 2357 1325 2429 sinc
1347 2356 1466 2430 altere

374 2479 445 2530 non
471 2464 590 2554 potest
616 2458 765 2532 salvare.
793 2459 834 2534 Si
861 2457 973 2533 dicis:
999 2458 1083 2534 Nou
1099 2460 1231 2534 ιιιιιιιιι
1256 2460 1465 2532 manifestae

372 2561 650 2658 persecutiones,
673 2562 894 2660 respondeo:
914 2561 1055 2636 Dantur
1079 2569 1200 2636 tamen
1225 2561 1465 2636 absconditae.

371 2665 476 2759 Ecce,
508 2672 745 2738 scrutatorum
775 2663 935 2738 haeresis
962 2665 1070 2738 fidem
1097 2671 1195 2740 tuam
1226 2665 1467 2762 persequitur,

372 2767 539 2841 confitere
570 2791 656 2864 ergo
689 2769 764 2842 sine
784 2767 1000 2842 scrutatione
1030 2768 1233 2842 Dominum.
1269 2769 1352 2842 Non
1383 2778 1468 2842 sunt

371 2871 511 2967 pejores
543 2872 809 2967 persecutiones
839 2893 964 2966 regum
992 2871 1299 2969 persecutionibus
1330 2879 1467 2944 scruta-

370 2981 500 3069 torum,
518 2997 585 3048 nec
603 2981 686 3048 sunt
702 2973 864 3050 duriores
881 2975 1039 3068 ungulae
1070 2974 1290 3067 haeresibus,
1307 2991 1374 3046 nec
1391 2980 1464 3048 tur-

371 3084 493 3150 menta
508 3077 787 3174 quaestionibus,
805 3099 871 3150 neo
888 3077 996 3174 pellis
1016 3077 1256 3151 detractiones
1282 3085 1464 3150 concerta·

369 3180 537 3275 tionibus,
554 3203 621 3254 nec
637 3179 766 3278 capitis
784 3181 955 3254 abscissio
973 3180 1204 3254 dubitatione.
1228 3179 1464 3278 Persequitur

368 3291 403 3357 te
421 3283 552 3378 odium,
570 3285 738 3358 confitere
763 3283 985 3380 charitatem,
1002 3285 1231 3381 persequitur
1256 3291 1293 3358 te
1314 3283 1462 3376 invidia,

367 3386 534 3461 confitere
561 3388 794 3480 concordiam,
819 3387 1048 3483 persequitur
1073 3394 1109 3458 te
1135 3386 1275 3484 cupido,
1309 3410 1459 3482 sequere

446 3651 474 3706 1·
495 3648 596 3706 Locus
612 3666 651 3708 ειι
667 3649 733 3707 cod.
747 3650 772 3706 B
787 3651 957 3709 correctus
971 3648 974 3653 ’

446 3729 474 3784 2.
496 3726 674 3786 Sicincod.
689 3727 723 3784 Β.
738 3726 855 3785 Ιιιιοιι.
869 3728 917 3786 A:
935 3729 1102 3803 “thucd
1120 3745 1250 3805 corpore
1270 3743 1332 3786 suo
1354 3743 1457 3784 exse·

245 3855 267 3872 ,
366 3806 472 3884 pulcro
490 3805 614 3862 indutus
635 3807 683 3864 εει
685 3805 849 3883 ,εροιιιιιο
865 3811 913 3864 est
928 3806 1008 3864 vitae
1011 3823 1112 3882 ,quae
1129 3812 1230 3864 estex
1243 3805 1355 3864 mundo
1369 3827 1395 3859 ι.

444 3886 472 3942 3.
493 3882 562 3941 Ita
555 3899 585 3940 ιιι
601 3884 668 3942 cod
683 3884 717 3942 B.
731 3886 768 3942 In
784 3884 851 3942 cod
866 3884 1005 3944 Afalso:
1022 3907 1036 3941 ιι
1049 3885 1225 3961 permisit„

443 3966 471 4020 4.
492 3961 540 4020 Sic
556 3962 648 4020 vertit
661 3963 785 4020 Aucher
799 3964 856 4021 hoc
871 3981 992 4033 nornen,
1006 3963 1119 4038 quod'
1111 3981 1142 4019 ιιι
1168 3961 1277 4020 lexicis
1296 3961 1455 4018 Armenia

363 4041 406 4099 cis
421 4041 525 4100 deest·
518 4037 677 4115 ,adjungit
691 4045 793 4098 autom
804 4058 860 4116 per
873 4043 982 4118 parent
970 4003 1072 4098 tiresia
1094 4063 1108 4097 ιι
1118 4040 1433 4099 crrcumstantrarum
1427 4059 1453 4092 ι.)

441 4121 469 4177 5.
494 4119 531 4176 In
552 4118 675 4176 cod.:B
691 4119 877 4177 «Venenum
891 4119 1081 4178 mortiferum
1094 4139 1121 4177 ιι

439 4200 467 4255 6.
489 4197 574 4255 Haeo
590 4197 745 4256 sententie
757 4216 796 4254 ex
813 4197 881 4255 cod.
896 4199 921 4254 B
935 4198 1089 4275 completa
1102 4200 1159 4254 est

439 4278 467 4333 7.
488 4275 612 4336 Scilicet
627 4273 795 4351 baptismus
810 4276 968 4351 sanguinis
983 4281 1015 4334 et
1027 4276 1196 4352 baptismus
1208 4289 1316 4352 aquae.
1332 4272 1454 4349 Baptis-

359 4371 426 4412 mus
445 4354 600 4429 sanguinis
619 4359 668 4412 est
687 4371 748 4412 non
772 4354 869 4413 solum
889 4354 1079 4432 martyrium,
1094 4354 1149 4412 sed
1169 4357 1201 4412 et
1220 4352 1367 4414 constans
1382 4368 1453 4410 con·

357 4434 452 4492 lessio
474 4432 597 4491 Christi.
