3344 5200
384 349 457 484 mo

383 538 437 634 pit
450 537 593 610 Simeon
605 539 836 632 praereptum
850 531 1018 629 eSpiritn
1034 539 1166 624 saneto,
1177 555 1215 604 se
1228 553 1301 607 non
1314 535 1476 626 gustatu-

385 664 464 713 rum
486 645 648 729 mortem,
667 635 779 710 donee
795 636 934 712 videret
962 636 1205 709 Dominum
1225 633 1422 726 Christum,
1440 638 1477 704 et

384 763 464 814 onm
491 740 708 836 suscepisset
724 739 916 813 Dominum
933 739 972 811 in
992 739 1097 812 ulnas
1116 761 1210 831 suas,
1228 736 1345 810 dixit:
1370 736 1477 808 Nune

383 843 544 935 dimittis,
570 842 776 934 Domine,
804 865 947 915 serrum
973 847 1074 914 tunm
1105 839 1298 913 seeundum
1327 839 1476 912 verbnm

383 953 485 1020 tuum
503 945 541 1016 in
554 968 679 1042 paoem
694 945 719 1017 ⁴.
737 945 836 1040 Ergo
850 944 1022 1040 eSpiritu
1036 949 1156 1017 saneto
1174 948 1361 1038 acceperat
1372 963 1476 1038 prae·

382 1055 524 1145 neptum
554 1055 592 1122 11
622 1047 737 1120 dixit:
768 1047 872 1140 aru,
899 1039 1296 1139 nominenumine
1332 1043 1475 1118 serrum

376 1159 485 1224 tunm
503 1191 544 1244 n,
574 1159 615 1223 111
650 1157 686 1222 11
715 1147 831 1224 illud:
865 1149 1022 1222 “Doneo
1054 1148 1195 1222 videret
1229 1145 1475 1221 Dominum

374 1252 569 1328 'Ghdissitlm
587 1291 616 1328 n.
751 1288 753 1301 '
1387 1313 1390 1323 .

464 1357 569 1432 .“Et
594 1379 710 1450 nemo,
727 1355 788 1447 ait,
814 1355 915 1427 novit
940 1355 977 1426 id
1003 1355 1098 1450 quod
1126 1360 1182 1428 est
1208 1351 1373 1448 hominis,
1399 1350 1470 1424 nisi

383 1457 531 1556 spiritus
547 1459 713 1553 hominis,
731 1458 793 1554 qni
810 1465 866 1530 est
883 1458 921 1530 in
938 1479 998 1552 eo;
1016 1459 1067 1530 ita
1085 1465 1121 1530 11
1143 1457 1181 1530 id
1200 1457 1295 1552 quod
1318 1463 1374 1528 est
1392 1453 1474 1548 Dei,

363 1573 486 1658 ‘nemo
504 1561 615 1652 novit,
633 1561 703 1634 nisi
721 1561 934 1656 Spiritus
961 1559 1122 1636 Dent
1140 1562 1224 1634 Non
1242 1557 1284 1632 ad
1303 1559 1334 1631 si
1360 1559 1474 1656 Spiri-

382 1671 440 1738 tus
459 1665 536 1760 ejus
563 1671 728 1738 ereatura
746 1663 821 1759 ejus
841 1663 899 1756 sit,
922 1663 985 1735 sed
1011 1684 1076 1760 per
1101 1665 1169 1737 hou
1196 1662 1383 1758 Scriptura
1407 1683 1474 1734 nos

383 1767 497 1860 docet,
515 1767 681 1864 spiritum
706 1774 869 1840 nostrum
890 1789 911 1838 1
936 1773 1066 1838 natura
1090 1773 1215 1839 nostra
1239 1788 1312 1838 non
1339 1787 1418 1836 esse
1435 1787 1474 1836 a·

383 1869 529 1942 lienum.
546 1892 562 1926 u
579 1869 661 1942 Nisi
678 1869 838 1966 spiritus,
856 1869 917 1962 uit,
935 1869 997 1964 qni
1015 1877 1134 1942 estex
1152 1891 1212 1962 1ος
1231 1868 1336 1940 itaet
1356 1867 1476 1938 Deum

381 1995 486 2046 nemo
512 1972 623 2064 novit,
640 1972 711 2044 nisi
736 1971 892 2068 Spiritus
920 1972 1008 2067 ejus,
1027 1979 1063 2044 et
1095 1979 1273 2045 scrutatur
1299 1968 1477 2066 profimda

371 2075 459 2170 'ejus
476 2113 505 2150 1.
524 2074 564 2146 Si
582 2075 714 2168 dieunt,
729 2074 901 2170 Spiritum
918 2075 964 2145 ad
982 2074 1189 2148 discendum
1212 2072 1476 2169 1111111111·-

380 2177 550 2272 pendant,
569 2199 651 2250 111111
669 2200 775 2270 quem
793 2175 872 2270 quis
899 2181 1096 2271 serutatur,
1110 2177 1284 2250 minorem
1311 2199 1390 2249 esse
1417 2193 1472 2269 eo,

378 2279 441 2376 qni
459 2284 648 2352 serutatur.
668 2279 787 2366 Quum
805 2277 920 2350 dixit:
943 2301 957 2334 α
973 2279 1028 2350 111
1046 2279 1085 2352 in
1107 2277 1310 2354 universam
1337 2286 1472 2352 terram

369 2388 415 2452 et
433 2381 611 2478 baptizate
627 2405 688 2454 eos
701 2381 740 2452 in
752 2381 894 2452 nomine
907 2381 1027 2454 Patris
1041 2389 1077 2454 et
1090 2383 1175 2454 Filii
1189 2391 1225 2455 et
1244 2382 1400 2479 Spiritus
1414 2379 1471 2473 „³‚

370 2507 449 2556 non
467 2483 581 2557 dixit:
604 2505 619 2540 α
637 2485 681 2556 In
699 2484 841 2556 nomine
860 2483 979 2555 Patris
998 2491 1035 2557 11
1051 2485 1090 2558 in
1105 2486 1247 2559 nomine
1264 2485 1350 2558 Filii
1376 2483 1469 2556 etin

369 2579 519 2658 nomine
547 2586 702 2684 Spiritus
720 2626 749 2680 1,
768 2593 808 2658 ut
826 2587 1041 2682 ostenderet,
1060 2612 1121 2661 eos
1139 2611 1219 2661 esse
1239 2607 1347 2662 unam
1364 2593 1470 2660 natu-

368 2702 465 2782 ram,
496 2689 580 2786 qnia
609 2689 661 2762 in·
677 2713 748 2761 nno
779 2689 922 2762 nomine
936 2696 1028 2766 „tres
1058 2715 1229 2788 personas
1259 2689 1469 2764 nominarit.

369 2812 394 2846 u
412 2790 602 2890 Templum
619 2792 689 2864 Dei
717 2793 802 2864 estis
822 2815 898 2885 vos,
916 2793 977 2884 ait,
997 2799 1032 2863 et
1049 2793 1211 2890 Spiritus
1237 2794 1307 2866 Dei
1331 2793 1479 2866 habitat-

376 2893 415 2966 in
432 2895 533 2968 vobis
552 2891 610 2968 11.
630 2895 669 2970 Si
686 2896 859 2992 templum
877 2919 1011 2987 sumus,
1029 2897 1205 2991 quomodo
1225 2920 1347 2969 sumus
1363 2895 1470 2970 habi-

367 2997 467 3070 'tatio
494 2997 679 3094 Spiritus?
698 2999 741 3070 Id
768 2997 951 3090 dilucidat,
969 2999 1063 3094 quod
1091 2999 1224 3072 dietum
1252 3007 1329 3072 est:
1360 3000 1469 3072 “Vos

315 3149 318 3154 ·
366 3101 548 3196 ‘templum
564 3101 652 3174 estis
671 3101 825 3196 Spiritus
844 3100 967 3193 saneti,
986 3101 1047 3196 qui
1072 3101 1210 3174 habitat
1234 3102 1272 3174 in
1289 3101 1390 3176 robis
1408 3140 1423 3175 η
1441 3099 1469 3173 ⁵.

366 3201 423 3274 =Et
438 3203 477 3276 in
495 3202 631 3277 notibus
650 3203 906 3300 Apostolorum
925 3203 1032 3276 dicit:
1054 3225 1069 3260 u
1088 3204 1182 3291 Quia
1202 3205 1337 3302 placuit
1353 3203 1468 3298 vobis,

365 3311 515 3394 tentare
534 3305 708 3402 Spiritum
734 3305 879 3378 Domini
893 3345 922 3400 n,
940 3314 977 3379 11
993 3333 1000 3378 :
1023 3305 1140 3378 “Non
1161 3308 1331 3380 mentitus
1363 3331 1402 3380 es
1428 3312 1470 3378 tu

365 3407 590 3502 hominibus,
611 3407 845 3483 1111111161.
871 3409 970 3503 Ergo
996 3409 1155 3506 Spiritus
1174 3417 1229 3482 est
1253 3410 1365 3504 Deus,
1383 3409 1470 3507 qnia

363 3524 425 3580 'ex
443 3509 521 3582 Deo
540 3517 605 3582 est.
631 3509 773 3584 Nomen
790 3509 934 3605 quidem
959 3511 1028 3584 Dei
1046 3511 1152 3584 etiam
1173 3513 1377 3587 hominibus
1403 3511 1469 3585 tri·

374 3609 508 3706 buitur,
525 3625 676 3710 quornm
701 3611 843 3708 quidem
872 3612 922 3684 dii
947 3615 1064 3686 vorati
1090 3621 1185 3710 sunt,
1205 3623 1245 3688 nt
1271 3623 1308 3688 et
1333 3638 1465 3690 nomen

364 3711 495 3788 Patris
514 3721 550 3787 et
566 3735 696 3788 nomen
713 3713 800 3814 Filii
817 3738 883 3788 nos
899 3716 1091 3814 accipimus
1117 3741 1182 3813 per
1200 3719 1363 3814 gratiam.
1389 3719 1467 3793 Ho-

362 3814 463 3890 mini
488 3817 558 3919 Dei
583 3839 712 3891 nomen
737 3817 955 3916 attribuitur,
972 3827 1013 3894 ut
1029 3819 1177 3917 Moyses
1203 3827 1348 3896 vocetur
1374 3821 1466 3896 deus

455 4069 481 4122 1.
501 4066 576 4125 Luc.
596 4067 625 4140 2,
639 4068 688 4124 26.
703 4068 752 4126 28.
766 4069 815 4126 29.

453 4143 481 4201 2.
502 4143 652 4216 111111,
667 4146 714 4202 11.

451 4223 480 4279 3.
500 4222 662 4296 Μ1111.28,
678 4224 725 4280 19.

406 4360 408 4365 ,
451 4304 484 4358 4.
501 4301 518 4358 Ι
533 4300 608 4360 (ion.
623 4303 651 4374 3,
666 4300 711 4358 Ι6.

453 4376 480 4432 5.
503 4378 549 4438 df.
563 4379 579 4437 I
594 4378 668 4438 Coe.
682 4379 710 4452 6,
726 4379 773 4438 19.

453 4457 481 4515 6.
504 4456 577 4518 Aer.
591 4457 647 4516 Ar.
663 4455 691 4534 5,
706 4459 724 4516 9
739 4460 771 4516 11
785 4457 815 4530 5,
828 4460 859 4516 3.

1174 2 1176 9 ’
1284 30 1291 43 „
1458 6 1475 28 1

1498 42 1512 50 ”
1654 43 1655 76 1

1314 87 1320 94 ι
1654 81 1655 94 1

1654 1833 1655 1848 1

1654 2801 1655 2816 1
