3330 5200
1260 410 1329 482 163

237 527 438 605 drachmae.
473 531 547 606 Cur
565 539 684 605 autem
716 531 885 627 gaudium
918 539 972 602 001
1003 531 1329 632 deprecatoribus,

238 636 301 730 qui
317 635 572 734 poenitentiam
590 643 712 732 agunt,
731 634 846 730 magis
864 659 969 730 quam
988 637 1032 706 de
1044 637 1164 734 justis,
1179 641 1240 737 qui
1258 665 1330 716 non

239 738 462 834 peccarunt?
491 739 583 828 Quia
609 739 777 834 gaudium
804 761 883 810 csse
907 733 1001 810 00101
1027 747 1110 836 0001
1133 743 1326 818 tristitiam.

238 841 415 931 Quoniam
433 866 519 938 ergo
535 842 683 916 tristitia
700 847 755 913 est
780 840 825 912 iis
843 841 904 936 qui
930 851 1132 936 peccarunt,
1159 847 1328 940 gaudium

168 1017 170 1025 A
235 943 316 1038 fiat,
351 945 492 1042 quando
528 953 639 1041 agunt
673 944 937 1040 poenitentiam.
974 945 1212 1042 Gaudere,
1240 950 1327 1044 ait,

238 1051 507 1146 oportebat,
526 1048 634 1144 quia
660 1047 813 1119 frater
840 1053 948 1118 tuus
975 1054 1186 1124 mortuus
1214 1062 1328 1146 erat,

235 1150 446 1244 atrivit,
476 1151 774 1224 etadvitam
802 1157 1057 1223 revocatus
1085 1161 1248 1227 001010.
1277 1157 1328 1230 At

239 1259 316 1327 tum
333 1253 513 1350 gaudium,
532 1262 607 1328 tum
624 1253 772 1327 tristitia
788 1251 935 1325 affectus
962 1259 1045 1325 0001
1062 1256 1200 1330 animae
1214 1281 1222 1351 3
1241 1282 1327 1354 quo-

238 1355 343 1440 modo
370 1381 456 1452 ergo
482 1357 521 1430 10
546 1357 655 1429 000110
681 1356 936 1429 contristantur
978 1364 1013 1428 et
1039 1360 1229 1452 gaudent?
1257 1361 1329 1436 Sed

242 1458 337 1552 quod
363 1466 511 1557 proptor
528 1466 674 1556 peccata
700 1459 856 1531 damnati
875 1465 968 1552 0001,
990 1481 1005 1516 e
1023 1461 1170 1535 tristitia
1186 1461 1225 1535 10
1251 1487 1329 1538 000-

238 1559 285 1633 110
304 1601 318 1635 n
339 1570 496 1658 vocatur,
514 1570 555 1634 ut
571 1586 637 1634 nos
654 1561 775 1636 dolore
794 1562 999 1634 afficiamur.
1031 1563 1069 1636 Si
1101 1565 1196 1638 enim
1222 1590 1330 1663 ange-

238 1661 294 1742 los
311 1669 434 1738 nostra
451 1672 596 1764 peccata
622 1665 843 1758 contristant,
861 1673 993 1760 quanto
1011 1669 1125 1762 magis
1143 1691 1208 1740 nos
1230 1669 1328 1766 ipsos

238 1789 364 1842 eorum
382 1770 564 1864 poenitere
592 1767 758 1865 oportet?
784 1767 998 1864 Hujusmodi
1030 1777 1084 1842 est
1114 1771 1215 1867 illud,
1234 1771 1330 1868 quod

237 1869 350 1941 dicit:
380 1894 395 1928 e
411 1871 524 1945 Doleo
542 1870 669 1943 fecisse
695 1870 876 1943 hominem
892 1872 903 1917 ¹
924 1911 951 1946 a.

345 1973 512 2071 Sequitur
529 1974 599 2046 0110
624 1973 794 2070 parabola
815 1973 859 2043 de
878 1973 1013 2072 duobus
1040 1975 1123 2048 filiis
1149 1977 1330 2052 fratribus.

134 2095 138 2099 ’
193 2133 197 2141 f
240 2075 297 2148 Et
324 2073 732 2174 cumdissipasset
758 2075 1073 2174 iiliusjunior
1099 2081 1219 2152 bona
1247 2105 1329 2155 000

189 2184 191 2189 '
236 2177 338 2272 (Luc.
356 2182 498 2276 1014).
516 2178 699 2272 Doctrina,
717 2178 774 2252 his
791 2180 912 2252 verbis
938 2183 1132 2278 proposita,
1149 2183 1237 2256 haec
1264 2191 1330 2278 est,

237 2281 332 2375 quod
350 2283 395 2354 de
414 2307 455 2356 co
469 2283 530 2380 qui
547 2290 622 2355 toto
640 2283 746 2355 corde
760 2281 805 2355 ad
824 2283 1009 2358 meliorem
1026 2285 1165 2380 frugem
1184 2309 1331 2360 conver·

238 2385 337 2475 titur,
356 2387 526 2481 gaudium
544 2392 599 2458 est
617 2387 655 2458 in
673 2385 770 2457 coelo
798 2392 863 2456 010.

341 2489 426 2562 Alia
460 2490 639 2586 profertur
672 2487 843 2584 parabola
864 2488 917 2560 de
946 2489 1116 2562 villico
1136 2493 1240 2589 (Luc.
1270 2495 1328 2586 16,

237 2591 330 2684 1-9),
347 2615 453 2686 quem
471 2592 567 2666 servi
584 2591 679 2688 apud
709 2589 901 2664 Dominum
933 2603 1153 2668 accusarunt.
1182 2594 1329 2690 Mirum,

235 2694 330 2788 quod
361 2694 493 2794 injusta
522 2693 714 2792 prudentia
736 2693 848 2766 villici
880 2697 1076 2790 peccatoris
1108 2697 1253 2772 laudata
1284 2700 1330 2774 sit

233 2803 317 2868 ante
335 2797 527 2874 Dominum
542 2825 550 2893 3
569 2821 652 2870 narn
669 2797 825 2893 peccatis
853 2797 1039 2872 thesauros
1057 2801 1195 2895 priores
1223 2802 1328 2874 dissi-

234 2901 345 2994 pavit,
362 2909 398 2973 et
415 2901 590 2998 injustitia
608 2907 644 2972 01
662 2900 742 2972 dolo
769 2900 889 2974 debita
914 2909 1040 2998 postea
1066 2909 1246 2977 contracta
1271 2928 1327 2977 re·

234 3003 343 3077 misit.
360 3005 619 3077 Verumtamen
635 3005 703 3076 iste
722 2999 887 3076 laudatus
906 3012 971 3098 001,
990 3007 1074 3100 quia
1090 3029 1155 3102 per
1173 3006 1211 3078 id
1233 3008 1327 3103 quod

235 3129 341 3178 suum
357 3127 428 3178 non
447 3115 535 3201 erat,
553 3107 711 3180 lucratus
729 3114 785 3179 001
803 3115 839 3176 01
857 3107 1045 3204 acquisivit
1065 3109 1212 3204 aliquid,
1231 3110 1326 3206 quod

1 3241 2 3290 ς
123 3305 125 3311 Ι
202 3207 347 3304 Ι100100
373 3209 531 3284 futurum
550 3216 637 3304 erat,
655 3211 677 3282 1.
697 3234 727 3282 0.
746 3209 877 3282 amicos
895 3217 931 3282 et
956 3213 1161 3284 nutritores.
1189 3213 1260 3286 Sed
1278 3217 1329 3286 A·

236 3311 319 3384 dam
338 3311 404 3386 sibi
422 3331 609 3409 persuum
636 3313 826 3410 acquisivit
851 3311 998 3408 aliquid,
1016 3315 1111 3410 quod
1130 3339 1233 3388 suum
1258 3339 1331 3390 non

236 3421 315 3488 erat
333 3416 355 3488 1.
376 3439 405 3488 0.
425 3416 547 3512 001000
566 3439 647 3488 cum
665 3415 857 3488 doloribus.
876 3415 994 3488 Emito
1012 3417 1124 3512 vobis,
1143 3419 1194 3491 ait
1206 3417 1269 3513 ²,o
1288 3419 1328 3492 fi-

236 3517 278 3590 lii
294 3518 436 3614 Adami,
455 3543 519 3617 per
536 3521 625 3592 haec
650 3519 867 3610 transitoria,
886 3542 976 3614 quae
993 3544 1066 3594 non
1093 3528 1175 3596 sunt
1196 3529 1328 3616 vestra,
1399 3540 1401 3544 “

235 3621 274 3695 id
292 3622 386 3716 quod
399 3629 559 3696 vestrum
578 3628 644 3714 001,
663 3621 758 3718 quod
776 3644 848 3693 000
865 3623 1004 3694 transit.

343 3718 555 3816 Quoties,
584 3725 624 3796 si
651 3723 696 3795 in
718 3747 783 3796 me
811 3731 977 3819 peccat
1009 3725 1161 3800 frater
1189 3751 1328 3823 meus,

238 3825 476 3900 dimittam
516 3827 589 3898 011
629 3827 787 3922 Usque
826 3828 879 3900 ad
919 3829 1111 3924 0001100,
1146 3833 1331 3904 0011000

236 3929 341 4002 est?
385 3929 519 4002 Dicit
546 3929 614 4002 ei:
643 3929 803 4026 Usque
831 3933 1109 4026 septuagies
1150 3934 1331 4031 septies

238 4235 399 4312 Iudaeum,
415 4255 434 4296 a
449 4239 588 4313 perfecta
597 4235 729 4314 justitia,
745 4252 835 4312 quam
849 4237 902 4298 lex
929 4239 1046 4314 exegit,
1064 4241 1268 4318 aberrantem,
1283 4238 1333 4298 ret

238 4315 399 4452 0001111000,
400 4315 559 4468 0001011000
574 4316 651 4392 legis
670 4315 817 4374 naturalis
833 4317 1036 4377 deserentem.

322 4475 350 4533 2.
375 4471 454 4542 Quid
468 4474 615 4533 insertum
633 4471 723 4532 uait„
742 4471 902 4550 significat,
917 4473 1034 4551 ignoro.
