3330 5200
351 350 418 422 166

350 503 495 552 censum
523 478 726 574 exigebant.
747 475 949 553 Voluerunt
976 475 1070 548 enim
1097 475 1304 572 comperire,
1322 479 1443 546 utrum

351 589 488 680 strages
515 603 639 654 eorum
664 587 810 678 propter
838 581 996 678 ipsorum
1023 577 1195 652 sacrificia
1212 579 1246 650 ei
1271 577 1444 674 placeret,v

350 685 469 781 sicque
487 690 611 756 contra
629 685 748 780 legem
768 691 803 756 et
821 707 900 755 cum
920 681 1114 778 gentilibus
1134 687 1251 774 esset,
1270 703 1316 752 an
1334 679 1442 751 sacri-

350 788 468 859 fioium
489 787 706 880 defenderet,
720 810 789 883 quo
807 809 892 858 casu
910 805 991 857 eum
1009 783 1105 882 apud
1121 783 1281 856 Pilatum
1299 803 1443 855 accusa·

351 891 424 964 turi
442 898 555 984 erant,
573 889 668 986 quod
685 889 835 986 imperio
853 889 1097 960 Romanorum
1116 887 1377 961 adversaretur.

455 988 1443 1088 Aliaparab'olazHumoquidamplantaverat

354 1090 401 1167 in
439 1097 578 1168 vinea
617 1120 699 1168 sua
737 1096 878 1168 ficum
906 1101 951 1166 et
976 1093 1097 1166 dicit
1135 1093 1189 1165 ad
1229 1092 1441 1165 colonum

250 1223 255 1236 ¹
352 1199 455 1293 (Luc.
472 1201 528 1293 13,
545 1200 591 1292 6).
612 1197 769 1272 Gelonus
787 1199 845 1272 hic
861 1205 939 1270 erat
963 1197 1047 1290 lex3
1066 1197 1110 1269 ad
1127 1197 1246 1291 legem
1272 1195 1368 1267 enim
1386 1218 1442 1266 re-

355 1303 476 1398 spexit
491 1301 593 1374 ¹.Hi
620 1309 720 1376 tres
747 1302 994 1392 aerisaut,
1013 1299 1442 1396 quodvenioquae-

352 1428 460 1478 rere
494 1406 680 1478 fructus
717 1427 772 1478 ex
807 1407 890 1477 hac
915 1402 1022 1495 ficu,
1062 1403 1157 1499 quod
1190 1407 1338 1499 propter
1368 1407 1443 1480 tres

322 1508 579 1604 captivitates
610 1507 713 1600 dixit,
744 1509 872 1603 quibus
902 1505 1089 1579 Israelitae
1120 1505 1253 1602 captivi
1282 1501 1381 1576 ducti
1408 1509 1445 1574 et

354 1610 530 1706 castigati,
548 1634 620 1682 non
639 1617 758 1682 autem
776 1609 954 1683 emendati
973 1615 1067 1702 sunt,
1088 1630 1102 1666 u
1121 1605 1204 1704 quia
1219 1609 1364 1698 frustra,
1382 1606 1443 1696 ait,

352 1713 513 1810 percussi
555 1713 648 1785 filios
677 1719 816 1786 vestros
848 1721 883 1785 et
914 1711 1138 1808 disciplinam
1169 1735 1241 1784 non
1280 1731 1444 1806 suscepe-

352 1815 463 1890 runt²
480 1856 509 1890 a.
527 1817 575 1888 Et
601 1824 641 1888 ut
672 1823 897 1908 monstraret,
916 1816 1010 1910 quod
1028 1821 1064 1886 et
1094 1813 1262 1910 deinceps
1292 1813 1330 1888 in
1366 1835 1445 1884 eam

351 1917 565 2016 longanimis
598 1925 686 2013 erat,
719 1926 906 2016 postquam
929 1919 1008 2016 jam
1028 1918 1173 2016 ‘dietum
1203 1923 1258 1990 est
1300 1915 1443 1988 colono:

354 2022 588 2095 “Succide
620 2045 761 2114 eam„,
793 2019 1047 2118 respondit
1073 2021 1347 2093 colonus-et
1381 2017 1445 2089 di-

351 2125 424 2198 xit
451 2125 509 2197 ei:
529 2125 733 2198 Dimitte
762 2148 857 2198 eam
885 2131 929 2196 et
955 2124 1039 2196 hoc
1065 2148 1193 2198 anno.
1212 2122 1350 2197 Annuit
1371 2121 1444 2192 Do-

352 2229 481 2321 minus,
501 2253 539 2300 se
557 2229 632 2301 fore
650 2227 891 2322 longanimem
922 2251 1010 2322 erga
1028 2249 1099 2319 eos,
1117 2227 1213 2322 quod
1231 2233 1286 2298 est
1303 2232 1444 2320 tempus
1519 2303 1520 2306 Ἴ

351 2332 580 2426 septuaginta
609 2331 881 2405 hebdomadum.
900 2331 1076 2426 Tempore
1095 2331 1190 2402 enim
1221 2329 1358 2401 reditus
1386 2350 1444 2398 eo-

350 2457 430 2505 rnm
460 2435 696 2507 consummati
726 2441 827 2507 erant
858 2434 910 2508 eis
939 2433 995 2506 illi
1020 2439 1094 2505 tres
1118 2431 1243 2526 annia
1261 2439 1297 2504 et
1319 2431 1444 2502 eodem

350 2535 455 2607 modo
473 2561 565 2610 unus
592 2561 706 2610 annus
725 2537 854 2612 dicitur
872 2537 915 2610 de
934 2545 1107 2630 tempore,
1130 2535 1225 2630 quod
1251 2534 1444 2607 adventum

352 2637 489 2711 Christi
510 2641 715 2736 praecessit,
730 2639 813 2737 quia
829 2665 894 2737 per
909 2639 1121 2713 sententiam
1138 2639 1245 2735 hujus
1263 2637 1347 2710 anni
1365 2659 1443 2710 sors

352 2763 475 2844 eorum
489 2743 608 2816 decisa
625 2749 689 2816 est.
708 2746 861 2817 Fructus
884 2743 968 2815 fidei
986 2743 1023 2814 in
1042 2742 1094 2816 eis
1111 2742 1359 2836 quaerebatur,
1377 2763 1443 2811 nee

351 2846 608 2941 reperiebatur,
639 2847 733 2942 quod
767 2847 922 2920 daretur.
953 2846 1033 2934 Quo
1063 2844 1140 2916 loco
1171 2843 1357 2940 impletum
1389 2850 1445 2914 est

350 2947 506 3022 dictum:
526 2973 541 3006 s
560 2950 728 3038 Quaesivi
746 2974 793 3022 ex
814 2949 865 3022 eis
883 2950 999 3022 virum
1017 2954 1293 3021 restauratorem
1320 2945 1445 3020 ruinae

352 3058 389 3123 et
405 3075 477 3123 non
495 3060 549 3124 est
566 3053 731 3125 inventus
749 3053 787 3124 in
805 3051 885 3124 eisl
904 3093 931 3126 n.

456 3155 545 3228 Tres
578 3156 662 3227 amri
680 3163 820 3253 tempus
839 3161 894 3228 est
908 3155 934 3250 5,
952 3177 1022 3250 quc
1044 3153 1095 3226 eis
1114 3151 1281 3244 ostendit,
1300 3177 1337 3226 se
1363 3175 1441 3224 esse

352 3257 584 3332 Salvatorem.
612 3259 659 3330 Et
686 3260 779 3354 quod
805 3259 916 3332 voluit
941 3257 1131 3331 ficulneam
1158 3257 1351 3348 eradicare,
1377 3255 1443 3326 hoo

350 3383 440 3455 opus
458 3361 512 3433 illi
543 3363 654 3456 priori
686 3362 800 3434 simile
819 3369 884 3454 est,
903 3361 1047 3458 quando
1074 3360 1183 3433 Pater
1215 3361 1260 3432 ad
1290 3358 1441 3453 Moysen

351 3462 466 3534 dixit:
489 3486 503 3519 α
521 3463 670 3535 Dimitte
690 3489 745 3536 me
778 3487 838 3536 eos
869 3465 990 3538 delere
1008 3487 1029 3536 a
1046 3462 1135 3537 facie
1166 3486 1247 3536 mea
1261 3481 1293 3557 a,
1312 3461 1440 3557 quibus

432 3711 458 3764 1.
481 3710 528 3766 Sio
539 3711 569 3766 in
585 3712 690 3768 ood.B
715 3713 789 3770 haee
815 3719 846 3769 et
860 3713 1049 3788 praecedens
1075 3714 1231 3770 sententia
1255 3727 1289 3768 se
1314 3710 1438 3767 habent.

348 3787 474 3846 Auclrer
488 3787 563 3846 haec
580 3807 619 3846 ex
632 3793 720 3848 textu
744 3791 891 3866 impresso
907 3793 950 3850 ita
964 3789 1131 3848 transfert:
1150 3791 1243 3850 “Hoc
1260 3791 1318 3860 est,
1333 3789 1384 3846 lex
1399 3787 1440 3844 le-

338 3865 699 3943 ·gisfaeiemsurnpsit„.
757 3889 763 3896 ·
1006 3875 1010 3880 “

428 3947 455 4000 2.
477 3943 543 4002 Jan.
559 3949 587 4014 2,
602 3949 650 4004 30.

426 4024 454 4079 3.
476 4023 503 4080 S.
518 4029 628 4082 auctor
642 4027 671 4082 h.
683 4025 702 4082 l.
718 4025 852 4100 explicat
867 4030 929 4084 tres
954 4045 1049 4084 annos
1075 4028 1194 4101 tempus
1218 4041 1314 4098 usque
1342 4024 1380 4082 ad
1394 4041 1442 4080 re-

347 4101 444 4158 ditum
460 4119 499 4157 ex
515 4101 693 4176 captivitate
708 4103 905 4179 Babylonica,
922 4109 952 4162 et
967 4121 1059 4168 unum
1074 4121 1196 4177 annum,
1212 4106 1246 4160 ut
1268 4102 1299 4159 et
1313 4107 1439 4178 septua-

345 4179 431 4250 ginta
454 4179 661 4238 hebdomades
685 4182 831 4254 Danielis,
846 4187 964 4260 tempus
982 4183 1054 4241 dicit
1073 4183 1112 4240 ab
1137 4181 1189 4240 illo
1212 4180 1313 4239 reditu
1339 4197 1438 4256 usque

346 4259 511 4318 adventum
528 4257 652 4316 christi.

420 4339 450 4394 4.
470 4337 581 4394 Enseu.
597 4339 645 4410 22,
660 4341 708 4396 30.

424 4417 451 4473 5.
473 4415 529 4473 His
545 4416 646 4475 verbis
661 4417 722 4478 alia
735 4415 826 4493 hujus
841 4417 902 4478 loci
917 4417 1080 4496 explicatio
1097 4415 1214 4494 incipit.
