3344 5200
1258 368 1325 440 199

231 494 291 592 qui
309 497 420 570 oculis
446 497 597 571 internis
614 498 757 571 videbat
782 507 819 572 et
841 523 966 574 caecus
992 501 1030 574 in
1057 499 1214 574 tenebris
1242 521 1322 572 ver·

230 621 318 672 sans·
345 600 496 676 ducebat
526 601 565 673 in
594 602 654 675 via
681 602 857 696 ridentes,
876 603 938 700 qui
962 603 1109 676 interne
1143 601 1324 676 obcaecati

229 708 342 774 orant.
356 705 467 778 Lavit
485 705 528 776 de
547 704 658 776 oculis
676 705 884 778 suislutum
903 713 939 778 et
957 729 995 779 se
1013 707 1131 802 ipsum
1150 706 1252 797 vidit,
1272 706 1324 777 la·
1423 747 1426 772 ι
1504 807 1508 822 „

230 814 361 881 verunt
378 814 414 878 et
431 807 487 880 illi
502 807 709 880 caecitatem
725 810 769 880 de
787 811 893 882 corde
912 833 976 882 suo
995 817 1030 880 et
1049 833 1087 881 se
1105 810 1204 904 ipsos
1225 805 1324 881 vide-

230 916 323 984 runt.
343 909 421 999 Quo
440 917 600 1008 tempore
619 910 793 984 Dominus
811 911 917 1004 pnius
936 911 1031 983 caeci
1053 912 1174 984 oculos
1192 913 1231 984 iu
1249 935 1323 982 ma-

229 1012 358 1086 nimsto
375 1015 569 1110 aperiebat,
583 1013 775 1086 multorum
790 1037 976 1087 caecorum
990 1016 1111 1088 o'culos
1125 1015 1163 1085 in
1177 1016 1323 1088 abscon-

231 1115 307 1206 dito
324 1118 474 1212 aperuit.
504 1117 641 1190 Caecus
668 1120 759 1190 bene
776 1117 903 1190 videus
931 1117 1083 1189 Domino
1101 1117 1205 1213 quasi
1232 1117 1322 1212 stips

229 1219 307 1313 fuit,
324 1243 394 1315 qua
411 1220 542 1294 multos
569 1243 692 1292 oaocos
719 1219 890 1293 conduxit
916 1228 952 1292 00
970 1243 991 1331 ap
1007 1220 1178 1292 caecitate
1204 1218 1322 1292 cordis

232 1323 381 1396 sanavit.
1116 1329 1123 1348 ⁵

333 1425 378 1497 In
395 1427 518 1523 paucis
545 1423 690 1498 Domini
707 1426 827 1499 verbis
854 1425 960 1498 multi
976 1425 1137 1500 latebant
1164 1421 1326 1498 thesauri

232 1533 269 1600 ct
295 1527 333 1600 in
363 1529 430 1601 hoc
459 1552 566 1625 opere
599 1528 793 1602 sanationis
827 1551 954 1601 arcane
986 1529 1206 1626 descriptum
1237 1532 1330 1619 erat,¹
1410 1609 1416 1622 ι

234 1653 313 1704 eum
339 1654 418 1704 esse
445 1631 558 1704 filium
584 1631 765 1704 creatoris.
784 1633 925 1725 Vade,
944 1631 1131 1725 sitlans
1156 1632 1174 1703 f
1179 1629 1325 1702 aciem

233 1739 366 1806 tuam.
393 1735 450 1815 Ne
473 1735 552 1830 quis
580 1733 815 1826 existimaret,
850 1735 943 1806 hanc
968 1733 1191 1806 sanationem
1217 1732 1327 1804 artifi-

234 1835 287 1908 cio
313 1836 522 1912 similiorem
550 1859 640 1930 esse,
657 1861 765 1933 quam
792 1837 975 1930 miraoulo,
995 1838 1092 1910 misit
1117 1861 1199 1910 eum
1229 1835 1327 1907 lara-

233 1945 320 2031 tum,
337 1947 378 2012 ut
395 1940 610 2033 ostenderet,
629 1963 772 2014 caecum
798 1963 871 2011 non
897 1941 1079 2013 dubitasse
1102 1941 1146 2012 de
1169 1963 1210 2010 eo
1231 1937 1327 2034 quod

233 2039 408 2116 Dominus
429 2044 545 2140 ipsum
573 2050 763 2116 sanaturus
783 2051 889 2138 osset,
908 2051 944 2115 et
962 2050 1002 2115 ut
1024 2066 1149 2116 caccus
1175 2042 1328 2114 interro·

234 2146 352 2240 gando
380 2153 426 2238 et,
453 2147 547 2242 quod
581 2145 814 2240 contigisset,
852 2145 1068 2242 explicando
1093 2169 1195 2218 suam
1221 2144 1328 2216 fidem

233 2247 456 2322 manifestam
475 2249 652 2321 redderet.

336 2351 489 2447 Sputum
505 2353 615 2447 igitur
633 2352 779 2424 Domini
796 2351 901 2448 quasi
918 2351 1029 2426 clavis
1047 2353 1141 2425 lacta
1163 2358 1218 2425 est
1244 2374 1325 2422 ocu-

231 2451 346 2526 lorum
365 2454 566 2527 clausorum
585 2461 622 2529 et
638 2455 759 2527 oculos
777 2455 1005 2552 pupillasque
1023 2455 1068 2527 ad
1095 2477 1209 2550 aquas
1224 2475 1325 2526 sana·

231 2554 338 2628 vitot
355 2556 393 2628 in
411 2557 514 2652 aquis
534 2557 726 2654 symbolice
747 2558 1059 2631 sanctificationem
1077 2579 1179 2630 suam
1202 2556 1247 2629 ad
1266 2556 1326 2627 de-

118 2713 121 2718 .
230 2655 362 2732 fectrm
388 2667 549 2736 nostrum
576 2659 778 2758 applicarit.
806 2660 910 2748 Quod
937 2659 1114 2732 Dominus
1146 2660 1248 2752 fecit,
1275 2664 1326 2746 ut,

230 2763 371 2856 qtsando
384 2764 424 2834 in
440 2763 565 2836 faciem
584 2763 698 2858 ipsius
717 2770 899 2858 spuerent,
915 2762 1009 2834 oculi
1026 2767 1222 2856 caecorum,
1236 2783 1327 2857 quos

231 2872 338 2960 sputo
356 2889 419 2938 suo
434 2873 633 2964 aperuerat,
652 2887 713 2937 eos
731 2871 978 2960 coarguerent.
993 2867 1044 2938 At
1062 2864 1117 2935 illi
1134 2888 1207 2936 non
1223 2861 1328 2934 intel-

231 2965 400 3041 lexerunt
427 2991 527 3042 suam
551 2968 877 3064 reprehensionem,
891 2992 997 3064 quam
1011 2967 1198 3059 Dominus,
1218 2989 1328 3062 quum

231 3070 352 3143 oculos
379 3094 564 3146 caecorum
591 3071 757 3168 aperiret,
776 3069 835 3143 his
860 3071 980 3144 verbis
1007 3070 1209 3167 expressit:
1227 3066 1327 3156 ,Qui

234 3173 412 3264 rident,
440 3176 571 3247 caeci
596 3175 729 3266 fient,
747 3174 842 3270 quod
868 3174 1021 3246 refertur
1047 3174 1092 3246 ad
1111 3195 1244 3263 caecos,
1263 3170 1325 3264 qui

233 3298 315 3348 eum
334 3278 565 3375 corporaliter
584 3278 765 3370 videbant,
784 3283 820 3348 et
847 3277 1083 3368 adsidentes,
1102 3276 1230 3371 quibus
1257 3295 1329 3344 000

236 3381 426 3475 apparuitl
447 3380 692 3478 spiritualiter.
711 3378 891 3472 Lutum,
914 3379 1090 3478 inquiunt,
1108 3378 1224 3450 fecit
1245 3376 1329 3449 hoe

235 3484 446 3557 sabbato.
482 3483 780 3560 Praetermittunt
805 3506 887 3555 eum
914 3483 975 3577 qui
1002 3482 1159 3574 sanavit,
1187 3487 1224 3553 00
1250 3501 1327 3550 000-

170 3605 174 3617 “
234 3593 367 3680 parunt
392 3587 595 3682 vituperare
623 3586 661 3659 id
686 3586 780 3682 quod
806 3586 899 3659 fecit.
929 3585 1042 3658 Sicuti
1067 3585 1156 3678 vire,
1178 3583 1240 3678 qui
1265 3580 1329 3653 tri-

235 3686 336 3780 ginta
354 3695 431 3788 0000
450 3713 560 3762 00000
587 3689 805 3762 infirmitatis
832 3689 996 3780 habebat,
1016 3688 1209 3760 dixerunt:
1238 3683 1328 3772 Quis

228 3789 340 3886 jussit
356 3797 391 3861 00
408 3798 551 3886 portare
578 3792 710 3864 lectum
723 3791 750 3886 ²,
769 3815 839 3864 non
857 3797 998 3864 autem:
1018 3788 1137 3878 Quis³
1162 3795 1196 3861 te
1225 3811 1327 3860 sana-

184 3958 187 3963 .
235 3891 319 3965 vit?
346 3894 397 3966 ita
423 3899 459 3964 00
484 3893 544 3966 hlc
570 3896 692 3992 ajunt:
727 3895 892 3966 “Lutum
916 3893 1000 3966 fecit
1033 3895 1100 3966 hoc
1136 3893 1327 3966 sabbatus.

317 4125 342 4178 1.
356 4120 413 4179 nd
436 4123 584 4181 uerbum:
603 4125 780 4200 “Apparuit
802 4126 857 4187 ei„
879 4128 927 4185 rel
944 4130 1028 4188 “sibi
1046 4161 1071 4204 a,
1094 4129 1175 4206 quod
1199 4125 1324 4184 Auchor

235 4198 329 4257 vertit
352 4219 359 4258 ι
391 4200 569 4277 “Apparuit
585 4202 613 4259 ei
636 4203 781 4262 Dominus
796 4235 822 4268 s·
847 4203 907 4264 Sed
941 4209 1103 4267 contextus
1131 4202 1325 4283 sequentium

235 4277 305 4338 lmic
320 4277 454 4337 versioni
468 4280 641 4338 contrarius
657 4283 714 4340 est.
1027 4307 1029 4312 ·

318 4359 346 4414 2.
368 4355 413 4414 er.
428 4357 554 4432 roms,
569 4360 614 4416 10.

315 4435 343 4491 3.
364 4433 412 4495 Sic
430 4433 460 4493 in'
475 4433 542 4496 cod·
557 4437 592 4494 B.
606 4439 644 4496 In
660 4437 726 4498 cod.
741 4439 790 4501 A:
809 4456 821 4488 t
834 4441 942 4501 Istone
956 4443 986 4498 tc
1002 4440 1122 4501 sanavit
1134 4463 1161 4496 s.
