3330 5200
1225 399 1271 470 95

175 533 302 625 aperte
331 526 383 600 eis
410 525 502 601 dixit
535 526 591 601 his
618 529 761 603 verbis:
799 528 847 603 Si
882 550 949 600 me
985 533 1269 625 persequuti

178 638 679 730 sunt,persoquentur
706 639 751 706 et
776 657 868 706 vos.

132 807 135 812 .
283 737 333 809 Et
359 737 478 810 dixit:
514 737 580 810 Ne
615 736 779 808 timete
816 761 893 810 eos
928 736 1007 832 qui
1044 734 1268 808 occidunt

177 861 367 936 corpus,
395 842 590 914 animam
618 847 771 912 autem
801 863 890 912 non
916 846 1116 938 possunt
1151 839 1269 911 ocei-

176 943 300 1016 dere.
320 946 370 1018 Et
387 969 467 1018 ecce
483 945 645 1019 ridemus
665 968 725 1016 cos
739 943 866 1040 quibus
883 945 1083 1017 dicebatur:
1101 963 1116 998 e
1135 943 1267 1017 Omnes

175 1047 353 1142 fugietis„
373 1049 532 1145 singulos
551 1073 589 1123 se
608 1048 735 1121 offerre
747 1049 785 1120 in
799 1047 1008 1120 sacrificium
1024 1046 1151 1140 laudis,
1164 1047 1202 1120 in
1216 1054 1268 1122 te·

179 1151 386 1247 stimonium
421 1153 577 1248 omnium
605 1151 773 1248 gentium.
809 1153 884 1225 Aut
910 1150 1076 1248 quoniam
1102 1175 1269 1247 magnam

178 1263 393 1352 potestatem
419 1257 470 1329 eis
497 1258 654 1350 dederat,
681 1280 790 1352 quum
816 1277 876 1326 eos
904 1254 1064 1350 eligeret,
1097 1253 1180 1349 quia
1205 1254 1268 1327 illo

179 1367 340 1456 tempore
358 1361 395 1434 id
413 1361 653 1434 necessarium
671 1367 758 1451 erat,
776 1359 867 1448 ideo,
885 1382 930 1430 ne
948 1359 992 1430 de
1009 1358 1076 1430 hac
1092 1364 1268 1454 potestate

180 1463 417 1558 superbirent,
436 1487 496 1538 eos
515 1464 675 1538 exercuit
691 1463 729 1534 in
745 1460 944 1536 humilitate
963 1461 1102 1534 dicens:
1118 1462 1165 1535 Si
1183 1464 1221 1560 ej
1233 1486 1269 1534 e-

181 1566 339 1640 oerint
356 1591 436 1641 vos
455 1591 510 1640 ex
528 1568 618 1642 illa
636 1566 848 1659 civitate,
871 1565 1024 1662 fugite
1045 1565 1092 1637 in
1114 1566 1265 1639 aliam.

179 1669 297 1743 Simili
312 1671 417 1744 modo
434 1671 619 1764 Dominus,
634 1671 718 1743 dum
735 1669 830 1767 apud
847 1691 907 1742 eos
926 1675 1013 1762 orat,
1034 1669 1085 1741 ei·
1103 1693 1174 1742 non
1187 1693 1269 1743 con·

179 1773 298 1868 cessit,
317 1775 412 1870 quod
430 1776 655 1873 postularunt
673 1773 851 1846 dicentes:
882 1773 1038 1868 “Visne
1058 1773 1214 1848 dicemus
1232 1782 1269 1847 et

181 1876 374 1950 descendet
390 1879 484 1974 ignis
503 1885 539 1951 et
556 1882 737 1952 comburet
755 1901 815 1950 eos
829 1876 846 1948 t
859 1875 905 1952 ἱ».

282 1983 332 2054 Et
349 1983 432 2079 quia
449 1983 616 2081 discipuli
633 1983 727 2079 apud
746 2005 783 2055 se
803 1981 1025 2077 cogitarunt:
1046 1981 1138 2070 Quia
1156 1981 1266 2055 dixit:

183 2105 198 2140 e
214 2085 275 2158 Ad
294 2086 534 2161 Samaritanos
553 2095 588 2160 et
602 2086 754 2184 gentiles
772 2109 816 2158 ne
835 2085 994 2160 abieritis
1011 2125 1040 2180 a,
1059 2093 1095 2158 et
1112 2087 1268 2160 addidit:

183 2209 197 2245 u
216 2189 337 2263 Siros
356 2192 525 2287 ejecerint
542 2215 588 2264 ex
606 2214 677 2263 una
694 2190 849 2285 civitate,
871 2190 984 2286 fugite
1002 2190 1041 2262 in
1058 2190 1164 2263 aliam
1181 2231 1210 2286 a,
1238 2191 1270 2266 si

180 2292 375 2367 defecerint
401 2299 519 2390 urbes,
546 2295 632 2392 quid
652 2294 847 2367 faciemus?
864 2290 944 2368 ideo
971 2295 1127 2368 animum
1149 2319 1272 2370 eorum

180 2395 335 2470 firmavit
362 2397 506 2472 dicens:
534 2401 676 2472 Amen
703 2397 806 2470 dico
841 2396 991 2491 vobis,
1031 2421 1120 2472 non
1145 2407 1270 2496 pote-

181 2497 295 2574 ritis
323 2524 644 2576 consummare
670 2502 741 2574 has
767 2503 919 2596 urbes,
956 2501 1101 2575 donec
1135 2527 1270 2577 veno·

182 2628 231 2676 ro
258 2605 313 2677 ad
338 2627 429 2679 vos.
457 2604 549 2694 Quia
574 2612 655 2703 post
672 2605 967 2678 resurrectionem
984 2612 1156 2680 venturus
1182 2617 1270 2703 erat,

183 2707 254 2780 ait:
285 2709 401 2782 “Non
419 2710 581 2806 poteritis
605 2731 847 2782 consummare
873 2731 995 2781 omnes
1013 2712 1132 2804 urbes,
1159 2709 1281 2784 donec·

183 2835 248 2908 ego
266 2836 398 2886 venero
416 2813 542 2888 advos
560 2853 588 2888 a.
606 2812 786 2887 Nimirum
803 2811 848 2884 ad
866 2815 984 2904 urbes,
1012 2837 1080 2909 quo
1098 2814 1175 2910 ipse
1194 2822 1271 2888 erat

182 2923 364 3004 venturus,
385 2940 445 2989 eos
462 2917 568 2990 misit.
586 2920 685 2990 Aut:
716 2913 831 2987 “Non
844 2916 1012 3012 poteritis
1031 2939 1090 2988 eas
1109 2939 1271 2992 consum-

183 3041 279 3093 mare
298 3060 327 3114 s,
356 3020 541 3116 significat,
569 3022 663 3118 quod
680 3021 795 3095 virtus
822 3019 934 3116 ipsius
960 3026 1041 3116 post
1057 3020 1215 3094 triduum
1234 3029 1271 3096 et

183 3132 263 3219 post
280 3124 575 3198 resurrectionem
594 3149 696 3197 suam
709 3125 735 3218 ²,
754 3146 843 3219 quae
858 3129 913 3195 est
926 3124 1099 3197 adventus
1118 3125 1205 3219 ejus,
1224 3127 1270 3200 ad

184 3250 243 3300 eos
268 3233 422 3302 ventura
455 3236 541 3301 erat.
568 3231 630 3322 At,
659 3228 805 3302 sibene
841 3227 1068 3322 attendimus,
1104 3228 1196 3300 dixit
1223 3231 1270 3302 ad

185 3355 255 3426 eos,
282 3333 376 3430 quod
403 3332 586 3429 ejicientur
613 3356 659 3404 ex
676 3330 798 3404 multis
824 3329 1038 3424 civitatibus,
1063 3339 1098 3404 et
1116 3331 1269 3429 postea³

184 3437 234 3509 eis
262 3437 469 3534 apparebit,
496 3460 621 3510 revera
646 3443 766 3510 tamen
783 3435 834 3507 ita
850 3459 921 3508 non
937 3437 1032 3530 fecit,
1064 3437 1126 3509 sed
1147 3460 1271 3512 eorum

182 3539 452 3635 pusilanimitati
470 3563 534 3613 sua
555 3541 775 3638 apparitione
802 3540 917 3614 subito
944 3563 1047 3638 opem
1065 3541 1170 3636 tulit,
1190 3551 1271 3640 post
1325 3577 1326 3581 ¹

182 3644 477 3718 resurrectionem
503 3645 598 3718 enim
625 3645 676 3718 eis
692 3643 878 3742 apparuit,
905 3668 966 3718 eos
994 3645 1205 3720 confortavit
1232 3655 1268 3722 et

181 3747 393 3822 insufflando
411 3749 605 3824 renovavit.

259 4033 286 4088 1.
306 4030 380 4088 Luc.
394 4031 422 4104 9,
437 4031 485 4089 54.
529 4094 534 4103 ⁸
711 4077 714 4084 .

257 4111 286 4168 2.
307 4109 356 4166 Ad
369 4109 497 4174 verbum
509 4131 516 4168 :
531 4108 607 4169 Post
621 4110 835 4186 triduumpost
847 4109 1105 4170 resurrectionem
1116 4128 1201 4168 suam
1213 4127 1220 4182 3
1232 4110 1263 4170 in

181 4188 284 4247 eod.B
299 4189 394 4248 :Post
408 4189 542 4247 triduum
556 4190 795 4250 resurrectionis
813 4196 897 4249 suae.

259 4269 286 4325 3.
306 4269 344 4326 In
358 4269 414 4326 hac
429 4269 559 4326 acutiori
573 4269 826 4347 interpretatione
841 4288 902 4328 vox
928 4270 1089 4344 “posteat
1106 4265 1263 4347 premitur,

179 4345 266 4422 quasi
286 4347 411 4422 longum
432 4349 578 4423 temporis
598 4347 794 4409 intervallum
814 4349 895 4406 inter
917 4347 1139 4425 Apostolorum
1159 4364 1264 4424 perse·

179 4426 356 4502 quntionem
372 4431 403 4485 et
417 4425 531 4485 Christi
545 4429 711 4489 adventum
727 4428 924 4506 significaret,
940 4425 1021 4504 qnod
1045 4425 1206 4486 aDomino
1222 4444 1262 4486 ex

178 4503 392 4567 misericordia
404 4505 577 4568 breviatum
591 4511 647 4567 cst.
