3344 5200
235 469 266 508 θ

288 519 292 532 l

698 369 717 406 ἢ

353 433 421 503 leo

351 560 475 633 Patuit
493 581 590 652 ergo,
611 555 871 654 samaritanum
891 555 964 628 filio
982 579 1053 627 nou
1073 579 1158 629 suae
1178 557 1296 652 gentis
1323 556 1443 653 proxi-

350 663 448 736 mum
475 660 596 734 firiesc.
624 658 737 754 Licet,
760 659 821 751 ait,
844 659 986 752 cognati
1005 666 1041 730 et
1059 661 1272 754 sacerdotes,
1295 681 1445 756 quorum
1538 677 1542 684 ’

350 772 416 858 est,
434 765 647 860 afflictorum
666 783 785 834 curam
816 783 954 855 gerere,
977 761 1180 858 despiciant
1196 770 1232 836 et
1256 762 1446 857 negligant

349 870 446 942 filios
470 889 555 940 suae
584 864 714 960 gentis,
733 871 769 936 et
793 863 824 936 si
851 864 996 957 accidat,
1015 872 1056 936 ut
1082 874 1122 938 tu
1149 890 1196 938 ex-
1216 865 1296 938 istis
1324 866 1445 938 Sama-

347 971 476 1044 ritanis
494 966 718 1044 adversariis
745 975 844 1040 ortus
873 967 943 1058 sis,
972 975 1093 1040 tamen-
1118 969 1193 1040 noli
1220 976 1445 1041 contemnere

351 1075 535 1168 afflictum,
554 1072 619 1145 sed
646 1093 728 1142 eum
754 1076 883 1166 reputa
909 1070 1113 1167 proximum
1132 1080 1232 1144 tuum
1254 1078 1294 1144 et
1317 1094 1446 1166 magna

351 1199 553 1250 curasassa.
992 1243 995 1249 Α
1366 1225 1368 1232 ,

454 1279 682 1350 nominas
726 1275 954 1350 clamavit
999 1283 1044 1347 et
1071 1277 1233 1349 elatas
1261 1275 1307 1349 ei
1339 1255 1446 1372 qirs

298 1351 302 1360 ¹
349 1389 563 1456 vestrum
591 1377 714 1472 sitit,
736 1378 902 1452 veniat
929 1379 981 1452 ad
1011 1403 1076 1452 me
1102 1387 1147 1451 et
1173 1379 1445 1475 bibatssonn.

350 1487 384 1574 7,
405 1471 479 1577 37).
497 1484 598 1558 Idem
619 1482 795 1578 propheta
812 1481 905 1554 dixit
921 1484 979 1555 his
1000 1483 1144 1558 verbis:
1164 1483 1376 1578 Quicunque
1400 1481 1447 1554 si·

351 1587 399 1659 tit
423 1595 489 1660 eto.
507 1587 531 1658 ¹.
558 1585 742 1681 Propheta
767 1585 865 1656 misit
892 1585 937 1657 ad
964 1586 1108 1677 fontem,
1126 1593 1163 1658 et
1187 1585 1249 1682 qui
1275 1584 1448 1682 adimplet

224 1727 227 1740 ·
354 1691 549 1786 prophetas
562 1689 589 1784 ²,
607 1687 747 1780 invitat,
761 1695 802 1759 ut
819 1688 953 1762 bibant.
967 1689 1066 1761 Idem
1084 1697 1122 1762 et
1138 1689 1323 1785 Sapientia
1336 1687 1446 1762 dixit:

354 1816 369 1850 e
388 1795 494 1889 Edite
513 1816 640 1890 panem
660 1813 778 1876 meum
797 1797 833 1862 et
852 1791 962 1865 bibite
981 1792 1115 1884 vinum,
1134 1793 1228 1886 quod
1254 1791 1392 1885 miscui,
1411 1797 1448 1862 et

353 1897 489 1994 rejicite
509 1895 650 1970 a-:vobis
667 1893 910 1990 insipientiam
939 1895 1113 1968 stultitiae
1132 1901 1275 1968 vestrae
1298 1902 1335 1967 et
1350 1894 1447 1968 vive-

351 2000 399 2072 lls
417 2039 433 2074 r
449 1999 476 2072 5.
573 2043 577 2050 ·

456 2101 549 2190 Quia
567 2097 682 2174 inflati
701 2097 769 2172 sibi
796 2100 867 2196 ipsi
892 2101 1158 2196 applaudebant
1182 2108 1219 2174 et
1237 2099 1281 2172 de
1306 2099 1449 2172 nomine

349 2202 821 2299 Abrahae-‹gloriabantur,
857 2225 967 2298 opera
988 2211 1122 2280 'autem
1156 2205 1309 2277 Satanae
1339 2185 1444 2274 lacie-

348 2307 563 2400 bant,dixit
579 2305 625 2378 ad
644 2327 728 2376 eos:
751 2305 843 2376 eNe
860 2305 983 2400 eligite
1010 2329 1139 2378 nomen
1165 2307 1275 2378 unius
1294 2314 1330 2379 et
1355 2329 1445 2402 opus

349 2408 522 2503 alterius,
542 2416 604 2481 aut
620 2407 729 2481 facite
747 2431 857 2504 opera
875 2411 963 2505 ejus,
981 2410 1080 2505 cujus
1094 2410 1138 2482 de
1152 2410 1303 2482 nominc·
1314 2408 1445 2505 gloria*

349 2511 449 2606 mini,
468 2520 530 2584 aut
556 2510 727 2586 assumite
755 2535 886 2583 nomen
913 2513 1001 2608 ejus,
1020 2513 1120 2607 eujus
1143 2535 1254 2610 opera
1279 2513 1316 2584 in
1333 2511 1445 2586 -vobis

348 2615 576 2688 dominantur
594 2654 621 2690 a.
650 2613 697 2688 Si
723 2612 824 2686 filii
865 2615 990 2688 estis
1030 2617 1271 2708 Abrahae,
1298 2639 1446 2712 opera

348 2717 568 2792 Abrahae
595 2717 742 2790 facite
767 2718 880 2814 (loru.
901 2721 934 2811 8,
954 2719 1026 2810 40).

454 2823 507 2894 Ut
533 2820 761 2913 ostenderet,
788 2845 955 2916 magnam
982 2844 1060 2893 esse
1088 2819 1325 2896 differentiam
1351 2821 1446 2895 iuter

347 2945 477 2996 nomen
495 2924 664 3000 Abrahae
687 2929 724 2995 et
750 2946 869 3019 opera,
884 2947 973 3019 quae
989 2946 1052 2995 vos
1078 2924 1205 3018 facitis,
1225 2926 1336 2998 dixit:
1350 2925 1443 2998 Vos

349 3028 472 3099 estis
499 3029 603 3100 filii
630 3027 847 3119 Satanae,
866 3025 927 3123 qui
955 3029 998 3100 ab
1026 3027 1127 3099 initio
1152 3027 1330 3100 homicida
1355 3035 1444 3120 erat,

205 3133 213 3138 ’
350 3136 387 3201 et
412 3131 599 3225 adjungit:
628 3127 724 3201 (lur
751 3129 990 3224 quaeritis
1017 3153 1082 3202 me
1113 3130 1360 3204 occidere?
1390 3132 1442 3203 A·

347 3235 537 3306 braham
565 3233 610 3306 id
645 3231 879 3305 non-fecit.
911 3233 991 3304 Hoc
1021 3239 1142 3332 autom
1165 3235 1216 3306 eis
1250 3232 1443 3331 praedixit,

349 3337 476 3431 primo,
494 3343 536 3408 ut
562 3359 622 3408 eos
649 3342 885 3427 muneratae
912 3336 1028 3431 ipsum
1057 3335 1270 3429 occiderent,
1290 3335 1384 3429 dein,
1403 3343 1445 3408 ut
1474 3407 1476 3411 .

350 3441 395 3510 ab
414 3439 503 3534 ipsis
531 3438 773 3510 testimonium
799 3437 987 3532 acciperet,
1007 3437 1229 3512 dicentibus:
1259 3439 1373 3528 Quis
1399 3445 1444 3510 te

351 3539 456 3612 vult
483 3539 716 3632 occidere,
733 3545 785 3632 ut,
803 3540 945 3634 quando
964 3563 1044 3612 eum
1064 3541 1276 3636 occiderent,
1298 3567 1363 3639 per
1379 3540 1445 3614 illa

289 3687 292 3692 ·
352 3644 465 3716 verba
491 3643 757 3715 damnarentur.
798 3643 1033 3716 Abraham
1064 3644 1148 3716 hoc
1186 3669 1276 3717 non
1314 3644 1445 3738 lecit,

355 3746 418 3818 sed
437 3747 556 3842 potius
574 3769 695 3818 eorum
714 3744 883 3818 misertus
906 3752 971 3839 est,
991 3745 1053 3840 qui
1071 3748 1168 3820 mala
1184 3748 1360 3821 faciebant
1376 3748 1399 3820 i.
1411 3771 1444 3820 e.

351 3845 625 3923 Sodomitarum.
644 3847 828 3936 Quomodo
846 3848 966 3944 itaque
984 3849 1179 3944 Abraham,
1197 3851 1258 3947 qui
1285 3850 1444 3924 clemens

350 3952 418 4026 fuit
437 3975 524 4048 erga
541 3959 758 4049 peccatores,
777 3951 822 4024 ad
840 3975 901 4026 eos
919 3951 1086 4048 pertinet,
1100 3953 1162 4048 qui
1180 3953 1373 4026 Dominum
1385 3954 1444 4051 ju·

430 4173 458 4228 1.
478 4171 583 4246 lass,
599 4175 625 4230 1.
650 4172 793 4231 «Omnes
818 4171 958 4230 sitientes
986 4167 1090 4230 venite
1111 4168 1150 4227 ad
1171 4188 1304 4246 aquas„-
1330 4171 1444 4231 CodB

352 4247 464 4308 habet:
487 4249 667 4326 Quicunque
682 4250 747 4308 sitit
760 4265 877 4324 aquam.

367 4393 371 4403 ι
428 4329 457 4386 2.
478 4329 504 4387 Ι.
519 4346 546 4386 e.
563 4327 650 4397 “Qui
672 4325 798 4388 oracula
819 4329 1039 4404 prophetarum
1064 4325 1211 4403 adimplet
1226 4359 1252 4392 a·
1278 4328 1324 4387 Oi.
1341 4328 1442 4388 Maru.

351 4404 689 4561 bimaremque.
769 4532 770 4536 κ
