3330 5200
1249 393 1317 476 183

227 533 478 620 monstrarent,
498 522 614 596 dixit:
634 523 823 605 “Venient
841 523 929 617 dies,
943 523 1084 620 quando
1103 522 1319 615 destruetur,

211 635 265 700 'et
282 627 481 702 Ierusalem
499 629 730 700 subvertetur
747 627 771 698 ¹.
1133 695 1138 722 ,

226 795 229 798 ,
332 731 459 826 Itaque
485 729 531 802 ad
561 729 829 802 monstrandam
867 733 1105 826 potestatem..
1121 723 1319 803 divinitatis

227 855 313 906 suaa
351 833 540 906 maledixit
564 831 735 906 ficulneae
754 841 791 904 et
817 832 971 906 arefacta
997 838 1063 924 est,
1080 838 1121 903 nt
1146 853 1320 928 peropus

227 957 410 1032 praesens,
428 935 523 1032 quod
539 933 722 1027 videbant,
738 935 777 1006 id
795 935 890 1031 quod
907 934 1074 1006 ‘futurum
1092 940 1180 1029 erat,
1197 933 1331 1008 orode.

229 1044 319 1110 rent.
337 1035 386 1111 Et
404 1038 438 1110 ei
455 1036 654 1129 maledixit,
674 1060 720 1108 ne
738 1037 953 1110 infuturum
977 1035 1114 1108 fruetus
1132 1035 1171 1108 in
1189 1060 1232 1108 aa
1258 1059 1320 1108 na·

227 1146 415 1214 soereutur
433 1138 628 1223 seeundum
644 1141 774 1234 legem,
791 1139 876 1235 quia
892 1137 957 1210 illa
972 1133 1092 1233 legem
1110 1161 1183 1211 non
1201 1159 1320 1212 susos·

229 1241 284 1339 pit
296 1242 322 1314 2.
341 1241 528 1331 Quaesivit
545 1247 665 1314 autem
684 1242 722 1313 in
734 1243 802 1315 hae
820 1242 885 1314 fieo
903 1242 1056 1314 fructum
1070 1263 1142 1313 non
1160 1247 1321 1336 tempore

229 1369 298 1417 suo
312 1343 339 1438 ὅ,
358 1351 398 1417 ut
415 1345 535 1440 imago
554 1343 658 1417 lieret
674 1346 751 1440 ejus
768 1345 831 1441 qui
848 1351 1007 1440 tempore
1026 1366 1090 1416 suo
1115 1343 1234 1439 legem
1259 1343 1321 1416 ha-

232 1447 367 1522 betavit
383 1454 421 1519 et
439 1447 547 1520 solvit
561 1445 587 1520 l.
610 1447 650 1520 Si
671 1447 766 1518 enim
791 1453 951 1544 tempore
977 1445 1205 1520 convenienti
1229 1446 1324 1518 fruo-

230 1559 289 1623 tus
322 1549 360 1622 in
389 1550 543 1623 ficulnea
572 1549 809 1646 quaesiisset,
838 1572 942 1622 nemo
973 1549 1214 1644 cognovisset,
1243 1571 1323 1621 eam

232 1652 424 1748 imaginem
442 1653 552 1726 fuisse
571 1659 608 1724 et
625 1651 835 1750 symbolum.
853 1651 926 1725 Per
939 1651 1043 1724 fioum
1061 1653 1247 1726 manifeste
1265 1673 1324 1722 ur-

228 1757 316 1830 -bem
342 1755 541 1828 Ierusalem
567 1754 809 1851 reprehendit,
827 1755 866 1826 in
881 1777 953 1849 qua
966 1753 1192 1826 ‘charitatem
1216 1776 1335 1849 quae-1

228 1858 328 1952 sivit,
342 1859 407 1930 sed
423 1859 512 1930 haee
538 1857 691 1930 frustum
714 1855 1000 1953 poenitentiuml
1018 1857 1098 1930 odio
1124 1857 1258 1930 habuit.
1277 1855 1324 1926 Ε-

232 1959 361 2035 surivit
379 1967 415 2032 et
440 1959 652 2034 festinanter
678 1960 777 2049 venit
802 1960 846 2032 ad
874 1958 991 2054 ficum,
1008 1960 1077 2052 oui,
1096 1983 1206 2055 quum
1230 1957 1324 2030 ‘nihil

232 2063 270 2134 in
290 2086 333 2136 ea
350 2063 557 2156 invenisset,
575 2061 772 2136 maledixit
791 2061 895 2152 Quod
918 2061 949 2133 si
976 2063 1125 2136 esuritio
1151 2061 1325 2135 tribuere·

232 2171 293 2240 tur
310 2166 461 2263 corpori,
479 2165 620 2261 quando
650 2165 819 2238 nimirum
845 2165 1040 2238 nenessitas
1066 2171 1214 2240 naturae
1245 2185 1325 2235 eam
1411 2209 1413 2219 ·

178 2266 185 2272 ’
232 2269 429 2362 excitabat,
457 2274 633 2361 attamen,
659 2268 754 2364 quod
782 2267 961 2362 quaesivit
985 2269 1140 2342 fructum
1165 2275 1326 2362 tempore

229 2393 306 2444 non
323 2371 558 2463 convenienti,
572 2371 746 2466 quomodo
763 2371 830 2460 hoo
847 2370 992 2444 obvenit
1004 2371 1038 2443 ei
1053 2371 1116 2466 qui
1129 2377 1165 2442 et
1178 2373 1325 2444 absoon-
1344 2383 1347 2389 ·

232 2473 309 2546 dita
337 2474 455 2548 oordis
482 2473 645 2546 sciebat?
671 2472 840 2567 intellige
867 2472 997 2566 igitur,
1023 2473 1216 2546 Dominum
1255 2493 1328 2542 non

229 2582 379 2672 ¹propter
396 2599 498 2649 suam
516 2575 645 2648 samem
662 2573 835 2648 ficulneae
862 2575 1104 2666 maledixisse,
1122 2575 1216 2672 quia,
1242 2573 1327 2646 lieet

230 2687 375 2776 tempus
401 2679 581 2750 fruetuum
607 2677 745 2771 fuisset,
764 2683 884 2750 tamen
906 2689 1098 2774 propterea
1112 2677 1209 2774 quod
1233 2677 1327 2750 fruo-

228 2787 411 2877 tus„quos
438 2780 631 2874 inveniret,
657 2779 726 2853 sibi
757 2803 830 2852 non
860 2787 981 2852 essent
1011 2779 1198 2873 reservati,
1228 2777 1327 2852 fioul-
1430 2826 1435 2834 ·

167 2921 178 2927 -
228 2907 333 2957 neam
353 2885 398 2958 ab
424 2883 506 2980 ipso
536 2881 684 2956 arefieri
697 2888 733 2954 et
757 2882 931 2956 eradicari
947 2906 1020 2956 non
1037 2882 1205 2981 oportuit.

334 2985 510 3060 Nonnulli
527 2992 646 3058 autem
659 2984 797 3078 dieunt,
814 2988 978 3059 arborem
997 2987 1055 3060 fioi
1076 3009 1156 3060 esse
1185 2986 1325 3056 leroso-

229 3088 375 3184 lymam,
394 3089 478 3184 quia
502 3089 656 3161 frustum
683 3111 756 3160 non
782 3088 932 3184 protulit
960 3096 996 3162 et
1022 3089 1105 3164 urbi
1131 3087 1324 3161 infructuo·
1388 3127 1390 3132 ,

231 3214 305 3285 sae,
322 3192 432 3288 ajunt,
459 3191 498 3263 in
523 3191 675 3262 fioulnea
701 3191 903 3286 maledixit,
933 3197 970 3263 et
994 3192 1057 3288 qui
1083 3190 1245 3282 esurivit,
1271 3187 1325 3258 in-

231 3293 370 3389 quiunt,
390 3293 538 3368 esurivit
556 3293 814 3390 poenitentiam
832 3300 870 3366 et
887 3293 997 3390 venit,
1014 3301 1055 3367 nt
1073 3319 1151 3367 eam
1171 3293 1209 3366 in
1228 3293 1327 3366 Iero-

148 3397 152 3404 '
233 3395 456 3494 solymitanis
483 3403 672 3494 quaereret
699 3403 735 3470 et
760 3421 833 3470 non
859 3396 1006 3485 invenit.
1039 3397 1176 3487 Quibus
1203 3395 1327 3492 adjun-

315 3677 343 3730 1.
363 3675 439 3733 Luc.
454 3677 503 3746 21,
519 3677 547 3734 5.

233 3759 236 3766 '
313 3753 344 3808 2.
365 3751 479 3811 Sensus
492 3754 542 3812 hie
566 3772 636 3813 esse
651 3755 792 3814 videtur:
808 3755 855 3814 Na
872 3758 1078 3814 nascerentur
1096 3756 1128 3813 in
1149 3770 1187 3810 aa
1207 3749 1325 3808 fruetus

232 3829 403 3887 seeundum
423 3830 523 3904 legem
546 3837 687 3907 naturae,
701 3835 773 3908 quia
793 3834 845 3892 lex
867 3834 1036 3892 Mosaioaa
1055 3849 1236 3910 possessore
1258 3829 1325 3905 ejus

233 3923 298 3966 ,non
313 3906 548 3966 observabatur.

315 3987 343 4043 3.
365 3985 391 4043 Ι.
406 4003 433 4044 e.
448 4003 539 4060 quum
554 4004 617 4044 non
631 3989 717 4046 esset
730 3991 850 4062 tempus
865 3988 1030 4048 fruetuum.
1061 3997 1066 4003 ’

316 4065 346 4122 4.
365 4065 417 4123 Ita
429 4065 461 4122 in
483 4064 549 4123 aod.
563 4065 599 4122 Β.
613 4065 650 4122 In
672 4065 777 4124 codd
791 4085 797 4122 :
813 4065 864 4140 qui
884 4067 985 4140 legem
1005 4067 1080 4126 lavit
1094 4067 1126 4134 (i.
1138 4085 1165 4124 e.
1186 4061 1328 4140 purifica-

153 4178 157 4182 ·
238 4138 294 4210 vit)
314 4143 454 4218 tompore
476 4159 543 4200 suo.
563 4139 663 4203 Porro
684 4144 872 4220 notandum,
894 4145 925 4202 in
946 4146 1012 4203 aod.
1033 4147 1058 4203 B
1078 4164 1134 4221 pro
1160 4144 1328 4214 “tempore

237 4234 320 4280 suos
337 4237 407 4279 osse
431 4225 595 4299 “tempore
616 4239 672 4280 sno
695 4225 812 4282 statuto
825 4252 851 4298 a,
873 4239 951 4301 qnae
972 4224 1064 4284 lectio
1086 4218 1246 4282 contextui
1265 4235 1327 4275 non

235 4294 370 4373 ita'apta
382 4302 442 4372 est,
456 4301 491 4356 ut
504 4299 598 4359 leotio
608 4298 732 4361 ‚audisis
746 4299 785 4356 A.

317 4375 346 4464 d·
369 4377 649 4440 “Paenitentiums
673 4377 724 4437 vel
742 4395 797 4454 pro
817 4379 1012 4454 poenitentia
1031 4379 1165 4456 positum
1169 4393 1203 4452 f
1215 4371 1328 4466 '‘³le

239 4455 432 4526 poenitentes
448 4461 519 4516 sunt
532 4457 650 4536 fideles,
666 4457 717 4537 qui
729 4451 950 4536 poenitentiam
963 4461 1103 4534 egerunt.
1155 4453 1169 4470 ²
