3330 5200
1218 362 1287 434 105

24 449 26 570 l
184 489 233 558 ut
253 484 361 582 qnod
378 483 467 557 fides
483 483 669 582 promittit,
695 483 867 584 patientia
892 493 1099 583 exequatur.
1120 487 1170 563 Os
1187 489 1288 562 Eliae

185 589 300 661 bona
316 589 528 681 continebat,
553 588 636 684 quia
652 613 691 662 os
709 590 784 686 ejus
810 596 913 688 porta
929 599 1006 665 erat
1022 595 1211 688 bonorum,
1237 595 1288 668 ita

191 699 234 763 et
255 715 301 765 os
319 693 464 766 Ioannis
481 699 517 765 et
534 690 739 786 ligationem
753 699 788 765 et
802 693 1010 768 solutionem
1029 696 1288 792 1111111011-

191 796 303 868 rexit
328 803 473 892 peooata
498 819 562 893 per
588 797 842 891 remissionem,
869 803 905 869 et
922 800 1151 872 sanctificavit
1176 825 1286 898 aquas

192 898 247 970 ad
268 896 516 996 expiationem.
535 898 679 995 Moyses
705 900 875 998 populum
891 925 1002 998 usque
1029 903 1075 976 ad
1099 903 1287 977 Iordanem

195 1001 321 1096 duxit,
341 1010 378 1074 et
394 1003 454 1076 lex
472 1027 584 1100 genus
600 1003 791 1078 humanum
808 1003 976 1102 perduxit
1002 1007 1048 1080 ad
1070 1007 1287 1103 baptismum

196 1105 362 1179 Ioannis.

312 1209 471 1283 sinemo
491 1210 602 1308 major
628 1219 704 1284 erat
717 1211 810 1284 inter
835 1217 937 1284 natos
955 1213 1153 1309 1111111111,
1176 1237 1283 1312 quam

201 1311 372 1404 Ioannes,
394 1313 477 1408 quia
501 1322 582 1386 ante
599 1314 725 1388 saoiem
750 1314 825 1411 ejus
850 1315 959 1410 venit,
986 1325 1115 1414 quanto
1133 1319 1285 1416 majores

202 1423 312 1488 erunt
337 1416 404 1510 1111,
439 1417 587 1512 quorum
613 1419 722 1516 pedes
749 1414 847 1512 lavit,
873 1426 909 1491 et
934 1419 972 1492 in
998 1445 1085 1517 quos
1112 1423 1285 1519 Spiritum

204 1543 310 1592 suum
326 1519 550 1594 insufflavit?
570 1521 608 1598 Si
624 1523 787 1615 Ioannes,
805 1521 865 1617 qui
883 1545 963 1596 eum
981 1525 1185 1620 baptizavit,
1211 1549 1284 1598 ma-

204 1647 296 1717 gnus
315 1631 381 1716 est,
408 1632 540 1720 quanto
566 1626 680 1721 magis
698 1627 772 1720 ille,
799 1625 859 1721 qui
877 1625 914 1698 in
932 1627 1012 1701 sinu
1028 1629 1105 1724 ejus
1123 1629 1284 1726 quievit?

203 1727 249 1800 In
265 1727 356 1800 Iuda
373 1734 491 1800 autem
508 1729 689 1825 traditore,
707 1755 811 1826 quem
828 1728 927 1826 lavit,
942 1731 1091 1825 gradum
1109 1739 1145 1806 et
1162 1755 1284 1806 nume-

202 1855 282 1902 rum
299 1832 551 1927 Apostolorum
568 1833 763 1906 honoravit.
790 1833 907 1922 Quum
931 1836 1093 1931 Ioannes,
1119 1837 1181 1933 qui
1203 1859 1284 1908 eum

204 1935 408 2030 baptizavit,
422 1935 582 2009 omnibus
596 1937 688 2010 natis
701 1938 810 2035 major
823 1938 900 2028 fuit,
918 1938 1079 2035 majores,
1089 1965 1194 2036 quam
1207 1939 1281 2034 ille,

204 2037 347 2110 fuerunt
363 2038 539 2136 Apostoli,
549 2063 696 2136 quornm
710 2041 818 2138 pedes
843 2041 1017 2114 Dominus
1048 2042 1136 2115 lavit
1152 2044 1175 2116 ¹.
1193 2043 1283 2118 Ideo

203 2141 312 2214 Iudae
326 2141 452 2215 melius
466 2144 601 2237 fuisset,
621 2145 768 2217 sinatus
785 2169 856 2217 non
872 2151 978 2241 esset,
996 2145 1079 2243 quia
1091 2147 1282 2222 Dominum

201 2243 392 2340 infestavit,
419 2247 479 2344 qui
506 2271 586 2320 eum
611 2248 743 2321 Ioanne
770 2249 937 2346 majorem
966 2250 1058 2324 feeit.
1086 2253 1202 2350 Major
1228 2256 1284 2324 est

201 2349 351 2433 Ioannes
368 2351 471 2445 natis,
491 2352 553 2423 sed
579 2351 656 2448 ipso
673 2351 783 2448 major
802 2359 856 2426 est
873 2353 934 2426 ille
961 2354 1138 2450 minimus,
1165 2354 1282 2452 quiin

202 2451 318 2526 looum
343 2453 452 2527 Iudae
470 2455 626 2529 intravit.
653 2455 751 2529 Siout
775 2450 940 2530 thronum
957 2459 1066 2532 Iudae
1083 2458 1281 2533 haeredita·

202 2553 264 2646 vit,
283 2557 387 2629 itaet
406 2558 480 2654 ejus
507 2557 684 2632 lotionem.
715 2559 786 2632 “Si
803 2559 863 2654 ibi,
891 2561 951 2655 ait,
978 2570 1033 2636 111
1058 2563 1152 2636 filius
1171 2562 1281 2660 paois,

206 2683 307 2734 seous
326 2661 452 2734 advos
471 2669 669 2736 revertetur
683 2663 731 2738 ²n.

281 2764 382 2838 ·Hao
407 2771 526 2838 autem
552 2766 687 2840 ratione
713 2765 815 2860 dixit,
841 2767 973 2840 Ioanne
999 2771 1168 2867 majorem
1185 2769 1280 2842 inter

203 2873 303 2940 natos
338 2867 526 2942 mulierum
543 2893 614 2942 non
630 2867 750 2963 fuisse,
778 2877 818 2942 ut
834 2871 1028 2966 patefieret,
1057 2897 1094 2946 se
1113 2874 1156 2964 de
1184 2877 1281 2944 ante-

204 2971 400 3044 cessoribus
413 2973 557 3046 Ioannis
572 2973 663 3046 etde
681 2973 834 3070 antiquis
848 2973 886 3046 in
903 2977 1193 3072 praecedentibus
1208 2997 1288 3047 111-,

204 3098 342 3147 monem
368 3075 577 3170 instituisse,
604 3076 738 3148 seilicet
764 3078 807 3150 de
834 3080 1027 3176 prophetis,
1045 3078 1280 3179 praeconibus
1353 3111 1357 3120 ·

205 3185 237 3249 11
253 3179 565 3276 praedicatoribus.
585 3180 656 3253 Sed
673 3181 882 3255 novissimos
901 3187 1103 3280 praecones,
1122 3184 1182 3282 qui
1201 3183 1281 3280 Spi-

205 3282 274 3354 ritu
291 3283 484 3380 baptizant,
504 3283 621 3358 decuit
639 3308 716 3357 esse
737 3285 888 3381 majores
915 3309 956 3359 eo
983 3289 1147 3386 quiaque
1163 3287 1277 3383 bapti-

204 3386 305 3460 zavit.
327 3387 474 3480 ι1111111,
493 3387 553 3480 111,
571 3395 709 3484 oportet
722 3411 891 3483 11111111,
909 3400 1097 3465 meantem
1110 3388 1279 3467 11111151.

204 3489 503 3578 Quemadmodum
529 3492 701 3565 Dominus
727 3493 838 3590 major
865 3502 952 3588 erat,
982 3516 1084 3568 unon
1099 3495 1203 3588 enim,
1217 3494 1279 3590 ait,

146 3651 148 3655 .
205 3592 327 3666 datin
352 3617 519 3668 mensura
543 3595 635 3669 Filio
663 3595 774 3672 suol„
805 3603 841 3669 et
872 3597 962 3670 sieut
988 3599 1131 3694 Moyses
1158 3621 1282 3672 omnes

204 3698 406 3792 praecessit,
432 3697 483 3770 ita
517 3706 552 3770 et
586 3701 751 3796 Apostoli
786 3723 906 3774 omnes
934 3708 1212 3797 praecesserunt.
1242 3701 1282 3775 si

206 3801 297 3874 enim
314 3803 476 3896 Ioannes,
504 3802 565 3898 qui
589 3804 683 3877 viam
701 3804 782 3876 ante
800 3804 925 3876 faeiem
943 3807 1018 3902 ejus
1045 3805 1281 3902 praeparavit,

205 3927 353 4001 magnus
379 3911 466 3999 erat,
493 3913 624 4002 quanto
650 3907 763 4002 magis
780 3907 805 3979 ii
823 3908 949 4004 quibus
967 3909 1140 3982 Dominus
1159 3915 1281 3983 noster

205 4006 278 4103 ipse
296 4008 444 4084 servivit
462 4016 498 4082 et
514 4009 609 4084 viam
629 4015 709 4082 ante
728 4011 852 4084 faeiem
879 4035 1001 4087 eorum
1026 4013 1278 4111 praeparavit?

280 4203 308 4338 ὲ.
328 4201 469 4340 {Apostoli
481 4205 512 4340 ἓ.
525 4205 713 4282 1111111111
727 4222 768 4266 ex
780 4206 846 4268 Deo
860 4207 925 4269 nati
938 4208 1179 4270 oonsiderantur.

303 4323 309 4336 .
355 4299 402 4340 uo.
458 4327 472 4358 ,.
502 4324 510 4338 .

281 4361 310 4416 3.
330 4361 415 4418 1111.
437 4365 465 4435 3,
480 4365 526 4422 30.
638 4355 640 4360 ’

279 4441 307 4497 4.
327 4440 411 4499 Ionu.
426 4445 454 4518 3,
467 4444 514 4500 34.
