3344 5200
1256 406 1330 482 ‘275

167 552 169 556 ’
229 531 497 630 Ephrsemnon
510 482 851 631 rettuleruntque
865 531 1215 632 patebat,aliquidin
1228 533 1325 610 tribu

15 631 16 634 ’
123 646 127 650 ’
146 689 149 692 -
234 637 331 710 Juda
347 638 591 712 absconditum
607 639 727 712 luisse.
745 638 877 712 Videat
895 662 992 732 ergo,
1011 661 1097 714 num
1117 636 1154 709 id
1172 639 1267 734 quod
1285 639 1322 712 in

235 739 316 836 ipsa
330 741 478 836 latebat,
490 741 599 816 'hodie
616 741 732 814 adhuc
749 739 788 812 in
806 764 848 814 ea
865 747 976 835 extet,
994 740 1158 835 idemque
1180 741 1242 836 qui
1260 765 1322 816 au·

234 848 295 915 tea
313 867 454 940 semper
470 845 548 938 fuit,
567 843 724 919 eihonor
742 843 934 917 servetur?
954 843 1057 932 Quod
1071 843 1102 914 si
1115 843 1190 938 jam
1209 845 1323 920 honor

234 946 311 1042 ejus
329 947 459 1020 nullibi
483 953 549 1040 est,
566 946 631 1020 illa
656 970 796 1044 quoque
822 946 1011 1018 manifesta
1037 947 1194 1042 expiatio
1217 951 1261 1022 ab
1281 971 1324 1021 ea

203 1057 206 1062 ’
233 1047 354 1122 ablata
371 1057 436 1144 est,
454 1072 545 1146 quae
562 1049 601 1122 in
619 1074 662 1123 ea
677 1047 883 1124 abscondita
901 1056 989 1142 erat,
1007 1054 1043 1120 et
1061 1049 1145 1142 quia
1170 1052 1258 1124 haec
1284 1049 1323 1127 in
1388 1103 1394 1117 ·

236 1153 403 1244 gentibus
421 1151 692 1244 recondebatur,
709 1153 821 1226 honor
839 1175 978 1248 quoque
997 1151 1073 1247 ejus
1092 1174 1170 1224 eam
1198 1177 1323 1250 seque-

234 1255 349 1328 batur.
366 1255 415 1330 ut
435 1278 528 1348 ecce,
554 1256 749 1352 prophetae
776 1254 870 1328 inter
897 1261 1023 1350 gentes
1050 1255 1216 1328 continuo
1242 1281 1324 1353 pro-

213 1356 458 1452 .pbetizaut²,
475 1359 560 1455 quia
585 1357 719 1454 scripta
744 1379 867 1430 eorum
893 1356 1060 1432 continuo
1086 1355 1257 1453 leguntur
1288 1364 1325 1430 et

234 1458 324 1532 fides
342 1461 394 1534 eis
412 1461 586 1554 habetur3
606 1466 643 1532 et
669 1461 774 1555 signa
802 1459 969 1533 continuo
994 1460 1095 1551 fiunt,
1112 1459 1197 1556 quia
1222 1461 1327 1558 signa

234 1558 351 1657 primo
369 1570 406 1636 et
418 1565 535 1636 medio
553 1585 640 1636 aevo
658 1562 751 1635 lacta
768 1586 833 1657 per
850 1563 958 1635 fidem
976 1561 1028 1636 eis
1055 1571 1327 1659 repraesentan-

235 1669 306 1758 tur,
325 1674 362 1740 et
380 1666 553 1740 sacrificia
568 1664 735 1740 continuo
752 1664 960 1759 offeruntur,
979 1665 1071 1739 sicut
1087 1665 1152 1738 illa
1168 1665 1331 1764 priora5,

236 1774 274 1840 et
291 1768 356 1842 illa
371 1768 497 1854 domus
514 1769 677 1844 Joncdab
691 1767 717 1841 ¹¹.

345 1871 417 1946 Sed
443 1872 573 1948 dantur
601 1869 787 1969 quidam⁵‚
805 1871 867 1967 qui
883 1871 1042 1946 fimbrias
1073 1870 1236 1946 veritatis
1266 1895 1329 1971 ep·
1437 1902 1441 1920 ·

236 1975 504 2070 prehenderunt
536 1976 659 2071 eisque
698 1976 831 2047 annexi
866 1974 977 2048 sunt⁶
1006 1975 1155 2048 ethaeo
1180 1982 1328 2074 propter

237 2077 408 2152 virtutem
426 2084 463 2152 et
479 2078 552 2152 vim
569 2101 670 2152 susm
683 2082 743 2150 eos
757 2101 861 2152 ruere
878 2101 951 2150 non
969 2077 1062 2151 sivit.
1079 2078 1166 2152 Noli
1180 2102 1328 2176 quaere·

239 2203 279 2254 re
296 2181 369 2254 rim
387 2183 590 2276 verborum,
607 2203 759 2279 quorum
785 2205 911 2254 sensus
928 2205 1043 2276 sagus
1061 2186 1116 2254 est
1134 2189 1170 2255 et
1194 2182 1327 2260 claudi·

238 2290 306 2378 cat,
327 2285 389 2358 sed
417 2285 561 2360 attende
588 2285 634 2360 ad
660 2291 867 2358 contextum
895 2307 1038 2379 eorum,
1065 2307 1135 2381 quo
1160 2285 1331 2366 nimirum

237 2394 398 2485 tempore
417 2389 580 2462 dicantur
598 2387 697 2460 etde
715 2388 843 2483 quibus
861 2395 1041 2482 enarrent,
1059 2412 1126 2462 uec
1143 2390 1328 2485 confugias

236 2491 283 2564 ad
301 2491 542 2581 diverticulas,
561 2490 625 2562 sed
643 2489 689 2562 od
716 2490 928 2584 gravitatem
947 2513 1055 2564 sanae
1076 2491 1330 2585 persuasionis.

237 2593 506 2668 Testamentum
524 2592 552 2687 ⁷,
570 2614 640 2688 quo
659 2590 813 2688 Spiritus
830 2597 990 2668 membra
1018 2589 1155 2676 Christi
1171 2593 1330 2669 delinea-

236 2697 300 2792 rit,
315 2695 354 2768 in
371 2695 553 2794 mysteriis
571 2694 814 2768 absconditam
832 2696 909 2791 ejus
926 2697 1077 2769 formam
1098 2697 1193 2772 clare
1210 2703 1329 2772 osteu-

236 2797 290 2874 dit
302 2797 329 2873 ⁸.
347 2799 484 2895 Magna
509 2797 724 2895 significavit
748 2797 961 2891 nominibus,
980 2805 1016 2872 et
1033 2799 1241 2891 abscondita
1266 2824 1329 2876 ex·

236 2903 357 3000 posuit
381 2925 447 3000 per
482 2903 688 2994 manifesta5
714 2899 885 2974 iudicavit
919 2908 1082 2998 tempora
1112 2910 1148 2976 et
1173 2903 1331 2976 ostendit

237 3027 423 3099 numeros;
451 3005 629 3078 ordinarit
653 3004 761 3078 horas
781 3010 817 3076 et
836 3012 1026 3098 momenta,
1048 3012 1084 3077 et
1110 3028 1241 3080 arcana
1266 3029 1328 3102 po·

236 3107 318 3183 suit
342 3109 381 3182 in
406 3108 609 3184 nominibus
644 3112 681 3179 et
716 3106 928 3202 sapientiam
960 3108 1000 3192 in
1035 3107 1328 3206 expositionibus.

237 3210 422 3308 Sapientia
437 3211 663 3306 antiquorum
681 3209 848 3307 operibus
871 3211 987 3308 magis
1014 3211 1196 3306 excelluit,
1223 3235 1330 3307 quam

237 3316 369 3409 verbis,
387 3321 424 3388 et
441 3313 706 3388 multitudinem
726 3311 894 3386 scientiae
917 3337 996 3387 curn
1019 3313 1162 3388 silentio
1188 3319 1336 3410 praeto«

239 3416 360 3494 lerunt
376 3416 623 3492 exercitationi
640 3415 796 3512 linguae.

324 3689 350 3742 l.
371 3685 457 3744 Haec
480 3683 635 3743 sententia
657 3700 697 3742 ex
721 3683 788 3741 cod.
808 3683 833 3740 B
849 3688 995 3743 >correcta
1008 3688 1072 3755 est3
1086 3683 1117 3741 in
1132 3683 1198 3744 cod.
1213 3683 1242 3743 A
1257 3691 1334 3745 non-

242 3760 325 3820 nulla
338 3764 435 3821 verba
453 3761 574 3820 desunt.

322 3841 350 3898 2.
371 3841 408 3900 In
421 3842 490 3900 cod.
505 3841 533 3898 Δ
548 3840 596 3896 est
612 3837 922 3912 “prophetisabantm
937 3840 968 3896 in
993 3839 1183 3916 imperfecto,
1205 3838 1287 3917 quod
1300 3840 1329 3898 b.

242 3915 313 3975 l.'nt
327 3934 419 3994 saepe
434 3917 695 3978 continuationem
711 3915 840 3973 actionis
856 3917 1017 3991 significat.
1028 3917 1065 3974 In
1079 3919 1178 3978 cod.B
1192 3921 1240 3976 est
1254 3919 1329 3977 tem·

241 4013 299 4076 pus
313 4014 471 4074 praeseus.
485 3995 571 4054 Idem
586 3995 625 4054 de
638 4011 712 4052 mox
726 3992 927 4068 sequentibus
940 3993 1044 4054 verbis
1059 3997 1153 4055 valet.

321 4077 350 4132 3.
371 4076 397 4133 I.
410 4095 437 4135 e.
451 4072 608 4134 Sacrificia
621 4070 738 4147 antiqui
751 4070 909 4130 Foederis.

321 4156 350 4211 4.
371 4154 397 4212 I.
413 4170 440 4210 e.
453 4151 607 4212 sacrificia
620 4149 703 4208 vitae
717 4149 881 4210 asceticae.
897 4149 1012 4212 Confer
1025 4151 1090 4212 Ius.
1104 4151 1152 4226 36,
1170 4151 1231 4208 e-t.

320 4231 351 4290 b.
372 4231 496 4292 Scilicet
509 4249 549 4290 ex
564 4227 703 4290 ludaeis.

243 4347 245 4354 ,
319 4311 352 4369 6.
371 4309 419 4370 Ad
434 4311 578 4372 verbum:
596 4308 655 4368 “et
669 4304 811 4382 suspensi
824 4310 895 4364 sunt
905 4337 932 4369 s.

323 4389 351 4446 t.
371 4389 398 4447 I.
412 4407 439 4450 e.
454 4389 613 4466 Scriptura
626 4383 743 4460 antiqui
756 4385 944 4446 testamenti.
1060 4414 1069 4426 ν

245 4530 251 4543 „
322 4469 352 4529 S.
372 4467 421 4529 Sia
435 4469 465 4532 in
480 4465 549 4529 cod.
563 4467 598 4528 B.
611 4465 649 4525 In
661 4461 1094 4526 ccddislsoreostendsre
1108 4493 1179 4538 p·
1242 4543 1252 4550 „
