3344 5200
1248 381 1319 454 225

228 513 306 580 cut
332 505 488 580 dilexi
515 529 594 580 vos
613 545 639 578 a.
660 506 710 578 nt
737 502 1050 600 hooimpossibile
1074 513 1138 597 cst,
1166 489 1249 601 (juia
1276 515 1317 580 tu

230 608 404 683 Dominus
423 633 461 680 es
481 615 630 682 stamas
650 628 773 680 servos
791 615 889 700 tuos,
915 630 980 679 nos
1000 614 1129 701 autem,
1148 611 1208 705 qui
1230 612 1317 684 socii

227 735 353 798 sumus
379 712 543 805 invicem,
566 709 739 808 quomodo
766 733 831 780 nos
866 716 988 782 mutuo
1014 711 1164 805 diligere
1191 737 1316 810 possu-

229 837 320 909 mus,
348 816 440 890 siout
467 824 506 886 tu
539 838 604 887 nos
631 811 760 886 amas?
788 811 881 899 Quia
906 818 1026 884 tamen
1061 813 1235 888 Dominus
1266 817 1317 890 ita

229 917 333 1013 dixit,
349 913 546 1010 videamus,
572 915 748 1016 quomodo
775 914 840 1018 hoc
867 914 939 987 fiat.
971 915 1193 1011 Majorem
1221 920 1315 1013 hoo,

228 1019 593 1114 ait,oharitatcm
619 1040 748 1094 nemo
774 1018 951 1092 habero
979 1024 1154 1114 potest,
1182 1046 1318 1117 quam

229 1123 270 1196 si
309 1125 414 1220 quis
455 1124 590 1219 ponit
616 1121 813 1196 animam
853 1143 978 1192 suam
1017 1145 1099 1218 pro
1148 1124 1316 1198 amicis

228 1226 339 1300 suis.
367 1228 479 1300 Amor
498 1227 574 1324 ejus
593 1248 639 1298 ex
659 1247 700 1296 eo
719 1222 889 1313 cernitur,
907 1223 1002 1320 quod
1019 1225 1150 1298 amicos
1168 1250 1233 1299 nos
1256 1251 1317 1302 uc-

227 1329 333 1402 cavit.
352 1330 400 1403 Et
417 1331 449 1402 si
473 1351 540 1404 nos
566 1327 730 1426 ponimus
756 1325 892 1398 animas
918 1333 1059 1400 nostras
1079 1352 1143 1424 pro
1165 1337 1212 1423 te,
1230 1353 1317 1407 num

226 1431 386 1528 aequalis
403 1433 444 1506 lit
461 1431 603 1504 dileetio
620 1436 745 1504 nostra
760 1427 942 1501 dilectioni
968 1430 1081 1502 tuae?
1099 1433 1175 1506 Nos
1194 1433 1225 1506 si
1250 1457 1317 1532 pro

217 1541 262 1607 -te
288 1535 471 1628 morimur,
496 1533 665 1608 mortales
691 1555 825 1623 sumus,
843 1538 882 1604 tu
908 1538 1038 1624 autem,
1056 1535 1117 1630 qui
1134 1536 1238 1610 vivus
1265 1560 1317 1630 es,

218 1638 428 1732 passionem
455 1636 581 1710 mortis
606 1641 749 1710 nostrae
777 1633 988 1708 sustinuisti
1017 1635 1199 1724 Quomodo
1228 1663 1317 1736 ergo

223 1740 427 1836 explicatur
462 1739 573 1812 illud:
606 1737 739 1813 Siout
774 1737 928 1809 dilexi
966 1738 1072 1810 vos?
1107 1741 1316 1837 Moriamur,

226 1843 289 1937 ait,
306 1867 398 1918 unus
416 1867 482 1940 pro
509 1843 632 1915 altero.
652 1843 724 1916 Sed
749 1863 816 1912 nos
842 1841 1028 1914 revivere
1054 1843 1198 1938 quidem
1224 1869 1325 1922 unus,

226 1969 292 2043 pro
311 1947 424 2020 altero
442 1945 617 2020 volumus.
637 1945 677 2020 si
694 1966 773 2040 ego,
797 1943 858 2038 ait,
876 1943 937 2038 qui
963 1943 1137 2020 Dominus
1156 1955 1191 2018 et
1216 1947 1316 2022 Deus

226 2072 305 2122 sum
333 2057 465 2142 vester,
484 2072 549 2146 pro
567 2047 668 2122 vobis
695 2045 848 2140 morior,
874 2051 1006 2142 quanto
1034 2050 1149 2146 magis
1176 2057 1318 2148 oportct

228 2175 291 2224 vos
309 2177 418 2226 unum
435 2177 501 2249 pro
519 2150 632 2224 altero
653 2150 754 2224 mori.

333 2256 453 2331 Ecce
492 2253 628 2328 mitto
669 2276 753 2349 ego
797 2254 850 2326 ad
889 2277 969 2327 vos
1014 2256 1316 2352 paraclitum,

226 2355 311 2452 quia
341 2359 449 2434 dicit:
481 2357 640 2432 Alium
665 2357 955 2452 paraclitum
982 2360 1118 2432 mitto
1144 2360 1198 2432 ad
1226 2383 1318 2454 vos,

226 2458 249 2530 i.
269 2484 299 2534 e.
318 2463 586 2534 consolatorem.
606 2460 658 2534 Ut
677 2459 753 2556 ipse
773 2467 828 2531 ost
844 2459 955 2553 Deus,
974 2461 1024 2533 ita
1042 2469 1078 2533 ct
1095 2462 1126 2536 is
1144 2461 1205 2558 qui
1236 2461 1318 2534 mit-

227 2561 327 2658 titur,
344 2564 443 2651 Deus
462 2569 526 2635 cst.
547 2561 586 2635 Si
604 2561 695 2654 ideo,
706 2560 980 2658 quia·Spiritum
999 2564 1119 2658 mittit,
1137 2563 1248 2662 major
1262 2588 1318 2638 es·

226 2673 283 2738 set
301 2689 353 2762 co,
373 2667 479 2740 etiam
497 2664 665 2761 Spiritus,
684 2663 768 2760 quia
785 2665 888 2738 duxit
907 2688 986 2737 eum
1005 2665 1043 2738 in
1067 2667 1259 2760 desertum,
1278 2675 1318 2739 ut

224 2776 427 2846 tentaretur
443 2769 468 2863 ¹,
486 2768 564 2865 ipso
583 2774 679 2843 esset
695 2767 818 2861 major.
837 2767 885 2838 Et
901 2770 1076 2863 quomodo
1095 2770 1210 2842 dixit:
1238 2769 1317 2841 Bo-

225 2897 328 2950 num
368 2881 440 2948 est
466 2871 614 2963 vobis,
642 2877 690 2943 ut
730 2869 981 2965 discedam,
1009 2872 1195 2946 sienim
1231 2895 1317 2968 ogo

226 2999 315 3049 non
341 2976 515 3068 abiero,
540 2971 812 3070 paraclitus
839 2973 893 3044 ad
920 2997 1000 3046 vos
1027 2999 1116 3048 non
1151 2974 1319 3047 veniet

219 3085 272 3150 et
297 3079 446 3152 omnis
485 3075 668 3152 veritas
695 3075 831 3149 vobis
858 3099 954 3148 non·
982 3076 1320 3150 innotescam?
1367 3145 1369 3148 .

226 3179 411 3268 Quomodo
429 3183 560 3254 bonum
588 3185 676 3272 orat,
694 3173 886 3251 Dominum
913 3180 1024 3273 abire,
1041 3188 1088 3276 et,
1114 3204 1223 3276 quum
1241 3179 1319 3277 ipsc

215 3306 298 3357 non
315 3285 472 3383 potuerit
489 3289 689 3356 monstrare
716 3302 857 3354 omnem
875 3281 1074 3377 veritatem,
1094 3283 1216 3357 venire
1245 3307 1320 3357 ser-

123 3411 130 3424 *
225 3410 309 3461 uum
324 3387 352 3482 ⁵,
369 3396 409 3462 ut
435 3388 537 3460 daret
564 3407 607 3456 eo
628 3407 718 3480 quae
745 3383 920 3457 Dominus
945 3407 1017 3459 non
1035 3385 1165 3458 dedit?
1182 3385 1231 3458 Et
1256 3408 1320 3458 our

226 3492 420 3584 paraclitus
446 3490 544 3588 prior
556 3481 580 3532 '⁸'
591 3512 663 3562 non
691 3485 885 3584 explicavit
911 3511 1052 3562 omnem
1070 3489 1257 3568 veritatem
1284 3495 1321 3561 et

225 3593 434 3668 secundus³
459 3617 536 3666 eam
565 3592 667 3666 nobis
695 3589 890 3688 explicarit
910 3592 1018 3687 juxta
1040 3595 1151 3666 verba
1177 3592 1320 3689 prioris,

226 3720 336 3791 quum
348 3697 407 3770 hic
426 3696 472 3770 sit
485 3694 599 3766 omnis
613 3693 774 3767 veritas?
788 3693 892 3780 Quod
910 3701 1030 3766 autem
1048 3695 1203 3792 Spiritus
1217 3717 1320 3768 voca-

227 3798 349 3873 tussit
366 3798 551 3891 Dominus,
570 3803 723 3870 testatur
742 3796 928 3893 Scriptura
947 3798 1004 3870 his
1022 3799 1190 3874 verbiszu
1207 3799 1321 3870 Acoe-

308 4049 335 4104 1.
356 4047 456 4105 Maru.
470 4049 499 4119 4,
517 4048 542 4102 l.

307 4127 336 4182 2.
358 4125 406 4185 Sic
422 4124 453 4181 in
468 4123 534 4182 cod.
550 4123 585 4181 Β.
601 4121 735 4180 Textum
751 4122 816 4182 cod.
832 4123 860 4180 A
874 4123 999 4184 Auohcr
1014 4125 1057 4184 sio
1072 4124 1185 4184 vertit:
1199 4122 1239 4182 nt
1254 4122 1320 4180 tota

230 4203 345 4262 ueritas
359 4221 415 4262 vos
429 4220 490 4261 non
505 4200 655 4276 agnoscit.

308 4283 336 4339 3.
358 4282 384 4340 Ι.
400 4297 426 4338 e.
439 4279 584 4357 Spiritum
599 4279 749 4355 sanctum,
767 4298 856 4355 quem
871 4281 1020 4340 haeretici
1035 4286 1171 4341 creatum
1187 4279 1301 4337 dieunt.

311 4362 339 4417 4.
361 4361 385 4418 I.
399 4377 426 4418 e.
440 4357 593 4417 Christus.

308 4438 335 4495 5.
357 4438 382 4495 Ι.
398 4455 425 4497 e.
441 4437 570 4514 Spiritus
585 4435 720 4494 sanctus.

1123 4479 1226 4588 ιδ’
