3268 5220
379 373 424 445 46

378 502 467 595 istis,
489 510 528 577 ut
544 503 647 602 panis
666 504 751 578 fiant
765 545 792 579 a.
820 503 922 578 Misit
940 505 1106 600 sagittam
1134 501 1179 574 ad
1207 500 1471 574 saturationem

380 609 605 702 excitantem,
625 633 813 706 perquam
831 611 868 682 in
887 610 1043 704 10111111,
1063 631 1169 704 quarn
1190 605 1363 678 Dominus
1381 613 1473 704 post

373 712 549 808 jejunium
567 713 753 808 sentiebat,
781 737 861 786 eum
889 714 1057 805 irritaret,
1086 713 1205 806 sicque
1224 710 1397 783 Dominus
1424 712 1472 782 in

377 817 609 890 tentationem
618 817 777 892 intraret.
794 819 864 892 Sed
877 818 1050 890 Dominus
1064 816 1193 887 famem
1208 813 1275 886 sibi
1288 814 1471 886 dominari

377 919 502 1013 noluit,
516 921 600 1016 quia
612 920 725 1018 ipsius
742 923 853 994 fames
865 923 1043 1019 jejunium
1060 920 1162 1016 quasi
1174 917 1320 990 loricam
1337 917 1469 990 indue·
1538 945 1546 958 ·

376 1032 442 1098 rat.
462 1025 562 1096 Haec
578 1026 689 1118 fames
713 1026 879 1121 sagittam
907 1026 1103 1099 saturitatis
1120 1025 1158 1098 in
1175 1028 1388 1094 tentatorem
1405 1046 1469 1094 re-

336 1197 337 1202 ,
376 1129 491 1220 101011,
505 1135 545 1201 11
559 1136 744 1214 externam
759 1129 981 1203 saturitatem
995 1129 1202 1202 suadentem
1220 1127 1372 1216 doceret,
1383 1125 1469 1198 dari

379 1231 485 1304 etiam
512 1234 733 1306 saturitatem
759 1233 946 1328 internam,
967 1257 1057 1330 quae
1084 1256 1155 1304 non
1181 1237 1340 1328 apparet.
1361 1230 1470 1304 Non

377 1357 496 1430 pane
533 1336 829 1410 solumvirit
862 1338 1003 1431 homo,
1041 1337 1121 1408 sed
1156 1335 1277 1407 omni
1303 1337 1468 1430 verbo,

378 1440 498 1534 quod
524 1440 742 1538 procedit
769 1465 823 1512 ex
850 1465 927 1514 ore
954 1441 1048 1514 Dei.
1078 1440 1147 1529 Qui
1175 1463 1261 1534 ergo
1287 1437 1397 1546 venit,
1420 1447 1467 1511 ut

375 1549 542 1638 tentaret,
567 1551 724 1618 tentatus
751 1553 815 1638 est,
843 1553 879 1617 et
904 1569 973 1641 quo
999 1545 1098 1619 venit
1123 1545 1260 1636 docere,
1279 1541 1465 1617 convictus

378 1655 442 1720 est.
462 1648 508 1721 Si
528 1648 671 1721 filius
698 1671 744 1721 es
771 1649 869 1744 Dei,
897 1649 969 1722 dio
995 1646 1389 1744 lapidibusistis,
1409 1655 1463 1720 ut

378 1752 514 1846 panis
541 1753 670 1824 fiant
695 1752 741 1824 11
766 1753 849 1826 hoc
874 1759 1112 1827 momento.
1145 1754 1194 1827 Os
1221 1751 1373 1825 Satanae
1400 1751 1461 1826 his

374 1855 493 1929 verbis
520 1863 754 1929 contestatum
781 1864 846 1951 est,
873 1881 954 1930 eum
981 1858 1042 1954 qui
1069 1881 1090 1928 a
1115 1856 1192 1928 Deo
1219 1861 1283 1949 est,
1318 1853 1461 1950 lapides

375 1983 504 2054 panem
523 1960 639 2032 facere
657 1983 773 2055 posse.

480 2064 630 2136 Satanas
648 2065 767 2160 itaque
787 2065 860 2138 suis
887 2064 999 2161 ipsius
1022 2063 1141 2138 verbis
1160 2087 1181 2135 a
1198 2062 1349 2136 Domino
1377 2063 1461 2136 edo-

374 2172 451 2239 ctus
479 2174 556 2247 est„
579 2169 673 2241 Nam
692 2170 722 2241 si
740 2168 840 2241 Deus
866 2168 1003 2265 lapides
1030 2175 1237 2242 convertere
1265 2174 1301 2238 et
1328 2191 1459 2262 panem

372 2269 488 2344 facere
502 2277 631 2368 potest,
649 2271 762 2345 discat
778 2277 945 2367 tentator,
959 2272 1076 2345 Deum
1094 2280 1129 2345 et
1147 2272 1223 2345 sine
1241 2295 1333 2367 pane
1352 2293 1457 2366 posse

329 2418 338 2433 ·
375 2381 546 2448 saturare.
566 2375 604 2448 Si
621 2375 759 2471 lapides
777 2383 895 2473 potest
912 2383 1117 2451 convortere
1136 2375 1174 2448 in
1190 2400 1331 2472 panem,
1350 2374 1457 2448 etiam

372 2477 501 2551 famem
519 2487 724 2552 convertere
743 2487 861 2576 potest
873 2480 911 2552 in
925 2481 1156 2554 saturitatem.
1176 2480 1245 2569 Qui
1263 2479 1357 2550 enim
1375 2500 1457 2550 con-

371 2583 480 2655 vertit
497 2584 731 2657 substantiam
749 2607 820 2656 non
838 2585 1092 2658 comestibilem
1109 2584 1147 2655 in
1165 2608 1292 2676 escam,
1312 2583 1345 2654 ei
1364 2581 1455 2655 diffi-

373 2685 439 2758 cile
457 2695 610 2781 nonest,
629 2689 793 2761 naturam
810 2688 913 2761 famis
930 2695 1136 2763 convertere
1164 2689 1202 2760 in
1220 2687 1455 2780 saturitatem,

370 2813 442 2862 nou
459 2790 519 2886 ita,
537 2800 578 2864 ut
593 2792 713 2888 aliqua
730 2817 769 2865 re
788 2817 867 2865 eam
886 2791 1041 2889 expleat,
1059 2794 1122 2867 sed
1139 2799 1179 2865 ut
1192 2793 1322 2865 famem
1339 2791 1456 2887 ipsam

370 2895 593 3000 saturitatem
610 2897 726 2991 faeiat,
745 2898 836 2970 sicut
855 2905 890 2970 et
906 2903 1061 2970 tentator
1084 2895 1289 2994 postulavit,
1307 2902 1346 2968 ut
1364 2895 1455 2991 lapi-

369 2999 450 3071 dem
475 2999 593 3096 ipsum
619 3024 748 3097 panem
773 3001 915 3074 faceret.
942 3001 986 3073 In
1012 3010 1129 3074 monte
1152 3000 1263 3096 igitur
1280 2999 1455 3072 Dominus

368 3103 580 3199 cupiditates
598 3105 784 3178 tentatoris
803 3104 1021 3178 conculcarit
1048 3113 1083 3177 et
1110 3105 1237 3202 dejecit
1255 3104 1293 3175 in
1309 3105 1454 3200 profun-

368 3205 462 3301 dum,
480 3216 521 3280 ut
539 3215 675 3304 gentes,
694 3233 784 3304 quae
803 3211 847 3283 ab
867 3209 918 3281 eis
937 3208 1126 3304 aliquando
1145 3208 1452 3301 conculcabantur,

367 3331 428 3383 eas
446 3312 703 3406 conculcarent.
723 3311 882 3399 Quarum
895 3312 972 3384 loco
986 3312 1244 3409 plenitudinem
1259 3312 1395 3408 gratiae
1414 3311 1453 3382 in

364 3413 520 3488 medium
545 3417 705 3513 protulit,
732 3422 782 3510 ut,
809 3413 900 3512 quae
920 3415 1005 3488 olim
1023 3419 1066 3491 ab
1085 3416 1246 3492 omnibus
1269 3415 1451 3491 conculca-

366 3517 482 3612 batur,
503 3541 610 3616 super
629 3543 751 3592 omnes
767 3520 1009 3594 dominaretur
1023 3520 1049 3594 2.

467 3622 520 3696 Ut
545 3623 686 3696 Pharao
713 3624 825 3718 aquis,
861 3624 989 3720 quibus
1021 3625 1175 3698 infantes
1207 3625 1451 3718 suffocaverat,

364 3726 551 3800 immersus
570 3733 635 3820 est,
653 3728 704 3800 ita
722 3734 758 3800 et
775 3734 882 3824 caput
905 3728 1050 3803 Goliath
1067 3730 1198 3826 gladio,
1224 3753 1294 3825 quo
1320 3728 1451 3802 multos

364 3829 551 3933 occiderat,
577 3831 694 3906 David
721 3830 927 3929 amputavit.
955 3831 1099 3929 Moyses
1130 3833 1244 3908 crucis
1279 3831 1450 3928 mysterio

335 4148 337 4151 ,
444 4085 471 4141 l.
491 4079 604 4143 Posset
615 4086 647 4141 et
656 4083 751 4143 verti:
765 4081 828 4140 “Ut
837 4081 876 4140 ad
887 4084 1017 4143 esuriem
1029 4102 1097 4143 eum
1107 4082 1277 4146 irritarets.
1288 4082 1348 4142 Sed
1356 4099 1447 4158 quum

363 4159 446 4220 haud
458 4159 617 4239 probabile
629 4162 678 4236 sit,
693 4178 718 4220 s.
728 4161 932 4237 Ephraemum
947 4163 1144 4222 esuritionem
1161 4163 1275 4222 Ohristi
1284 4163 1354 4239 post
1364 4163 1409 4238 joj
1414 4180 1446 4218 1-

363 4241 446 4300 nium
460 4259 478 4300 a
491 4243 645 4299 tentatore
666 4241 807 4300 effectam
828 4241 1017 4318 existimare,
1038 4246 1069 4302 et
1089 4242 1120 4301 in
1137 4241 1320 4300 Armeniaco
1336 4239 1446 4318 praefi·

363 4337 404 4380 xo
420 4325 447 4394 'I'
462 4337 530 4379 cum
543 4335 607 4378 aec.
623 4321 744 4379 occasio
759 4321 790 4377 et
803 4318 1036 4382 instrumentum
1050 4337 1143 4400 saepe
1163 4324 1361 4399 exprimatur,
1375 4336 1444 4378 ver·

364 4401 488 4460 tendum
504 4397 675 4458 existimavi
692 4414 705 4446 a
718 4399 748 4457 in
763 4397 864 4458 esurie
876 4429 902 4462 n.

441 4481 469 4537 2.
490 4477 597 4538 0111
611 4478 687 4538 Ron.
702 4479 729 4555 5,
746 4480 791 4537 17.
