3344 5200
1245 350 1314 422 245

211 508 348 560 sauros
368 483 661 558 suosconstituit.
682 483 858 558 Mecum
888 484 984 556 eris
1013 482 1059 554 in
1085 482 1221 554 horto
1247 489 1315 554 vo-

225 587 444 682 luptatis.
901 678 904 683 .

330 691 525 764 Paradisus
545 714 631 786 ergo
649 691 876 794 aperiebatur
893 713 958 787 per
984 689 1171 780 latronem,
1191 694 1227 759 01
1245 708 1318 757 non

113 785 116 790 ⁵
225 815 289 888 per
309 794 463 890 aliquem
478 818 522 865 ex
537 795 656 890 justis.
670 793 878 886 Paradisus,
893 815 958 890 per
977 791 1153 866 Adamum
1161 855 1164 860 .
1166 791 1317 886 justum,

224 903 414 994 postquam
441 919 525 970 reus
549 897 664 968 factus
683 905 771 989 erat,
791 897 946 988 clausus,
965 918 1030 990 per
1048 918 1161 986 reum,
1180 893 1242 988 qui
1264 891 1318 963 vi·
1417 889 1419 896 '

226 1006 334 1091 cerat,
353 1005 499 1095 apertus
518 1007 583 1071 est.
603 999 696 1087 Quia
720 1000 850 1072 Judaei
874 998 1052 1070 latronem
1079 995 1262 1092 elegerant
1281 1001 1318 1066 et

227 1099 411 1182 Christum
442 1104 689 1196 reprobarent,
715 1101 815 1174 Deus
833 1099 944 1196 elegit
968 1099 1155 1192 latronem,
1174 1105 1210 1170 et
1235 1095 1318 1169 illos

228 1205 443 1298 reprobavit.
463 1205 511 1277 Et
529 1205 589 1278 ubi
601 1205 677 1301 jam
695 1189 807 1278 illud:
829 1227 844 1261 α
863 1203 901 1275 Si
922 1203 1002 1298 quis
1030 1224 1173 1274 carnem
1199 1222 1316 1272 meam

228 1329 299 1378 uon
318 1309 521 1404 sumpserit,
540 1307 651 1379 1110111
671 1307 896 1380 nonhabet„
915 1305 956 1375 ¹?
975 1306 1136 1378 Verbum
1163 1305 1321 1400 Aposto-

227 1407 272 1494 li:
289 1408 528 1506 aQuicunque
547 1410 719 1506 baptizati
738 1433 861 1482 sumus
878 1409 916 1480 111
935 1407 1132 1497 Christum,
1147 1406 1184 1477 in
1202 1407 1318 1502 ipsam
1377 1456 1379 1460 -

228 1517 376 1592 mortem
397 1514 473 1608 ejus
492 1509 860 1608 111111111110011101102
878 1509 1235 1604 declarat,latronem
1254 1531 1322 1602 per

225 1615 437 1708 mysterium
472 1639 584 1712 aquae
612 1621 649 1690 et
675 1615 859 1708 sanguinis
887 1613 1072 1686 exlatere
1101 1611 1238 1684 Christi
1269 1611 1318 1681 el-

226 1714 413 1804 fluentium
440 1717 619 1813 accepisse
647 1718 891 1813 aspersionem
917 1715 1138 1790 remissionis
1161 1720 1323 1810 peccato·

228 1813 318 1890 rum.
354 1842 369 1876 u
387 1819 530 1892 Mecum
549 1820 632 1912 eris,
652 1821 713 1910 ait,
733 1820 770 1891 in
787 1820 891 1893 horto
908 1818 1103 1915 uoluptatis
1121 1855 1149 1892 s.
1266 1828 1268 1834 ’

231 1979 235 1984 -
331 1922 388 2000 Et
414 1923 652 1996 dederunt
678 1923 720 1994 ei
754 1922 918 1996 bibere
954 1927 1135 1994 acetum
1172 1925 1217 1990 et
1243 1917 1323 1990 fel.

228 2013 300 2095 Pro
319 2047 360 2095 eo
380 2025 474 2120 quod
502 2025 597 2098 dulci
625 2049 688 2097 suo
714 2025 797 2099 11110
827 2049 888 2097 001
911 2021 1163 2116 100111001015,
1179 2026 1320 2094 acetum

228 2126 261 2197 ei
279 2135 528 2222 porrexerunt,
547 2151 611 2224 pro
630 2127 714 2200 felle
743 2135 861 2201 autem
888 2151 1019 2222 magna
1036 2127 1113 2222 ejus
1138 2123 1320 2196 miseratio

228 2229 501 2310 amaritudinem
529 2231 690 2326 gentium
717 2231 856 2304 dulcem
883 2229 1132 2302 fecit-Tunica
1154 2227 1231 2322 ejus
1250 2249 1324 2297 non

229 2339 284 2406 est
310 2333 431 2426 scissa,
450 2358 541 2429 quae
568 2335 688 2428 imago
715 2341 770 2405 est
796 2333 992 2406 divinitatis
1020 2333 1107 2428 ejus,
1131 2353 1222 2426 quae
1250 2341 1322 2400 non

229 2433 414 2528 dividitur,
432 2437 516 2531 quia
541 2459 613 2508 non
639 2442 699 2508 est¹
721 2436 924 2531 composita.
943 2435 1046 2523 Quod
1068 2433 1322 2506 vestimentum

115 2539 122 2556 ⁸
229 2538 306 2632 ejus
324 2539 479 2610 diuisum
499 2545 553 2610 est
570 2539 608 2609 111
627 2544 779 2634 quatuor
797 2544 930 2632 partes,
948 2537 1125 2631 significat
1154 2535 1324 2626 Evange·

228 2637 317 2720 lium
334 2640 372 2712 in
388 2647 540 2736 quatuor
558 2649 679 2737 partes
697 2639 821 2712 mundi
839 2653 1079 2733 egressurum.
1106 2635 1321 2710 Distribuite

230 2765 359 2840 corpus
388 2744 465 2839 ejus
491 2745 668 2832 intervos
697 2765 880 2815 examore
907 2767 994 2837 erga
1011 2765 1092 2812 eum
1119 2740 1181 2837 qui
1198 2745 1324 2810 vestes

229 2867 312 2922 suas
331 2846 620 2942 crucifigentibus
640 2833 825 2940 examore
845 2869 932 2940 erga
948 2868 1012 2916 101
1031 2841 1162 2914 divisit.
1182 2841 1320 2914 Sumite

228 2956 266 3020 01
283 2949 458 3043 deglutite
472 2973 535 3022 vos
554 2973 676 3022 omnes
692 2971 772 3020 eum
790 2954 915 3040 totum,
930 2952 970 3018 ut
983 2945 1060 3042 ipse
1080 2944 1176 3018 solus
1200 2967 1320 3039 sump-

230 3051 277 3122 sit
295 3057 331 3128 et
349 3052 541 3146 deglutivit
559 3048 718 3124 'mortem
745 3050 900 3122 omnium
920 3055 1090 3122 vestrum.
1109 3047 1259 3142 Aperite
1287 3045 1322 3117 01

229 3159 352 3249 portas
379 3156 495 3228 cordis
521 3157 646 3250 vestri,
672 3154 734 3250 qui
757 3153 900 3250 aperuit
926 3153 1027 3225 vobis
1064 3159 1186 3246 portas
1215 3149 1320 3243 regui

230 3256 296 3332 sui.
316 3255 434 3331 Maria
459 3257 652 3335 Dominum
671 3257 762 3330 vidit
786 3256 825 3328 in
842 3279 895 3348 eo,
918 3255 979 3352 qui
1006 3256 1043 3328 in
1061 3254 1142 3326 sinu
1169 3255 1246 3350 ejus
1265 3275 1321 3324 re-

229 3355 362 3454 cubuit,
381 3368 418 3434 et
433 3362 586 3437 Ioannes
603 3361 796 3434 Dominum
814 3358 906 3432 vidit
923 3359 960 3430 in
984 3379 1134 3452 eaquae
1155 3379 1200 3430 ex
1219 3361 1322 3428 utero

230 3485 313 3536 eum
339 3463 500 3560 peperit,
527 3463 607 3537 ideo
634 3465 717 3538 huic
743 3487 829 3561 prae
867 3461 995 3538 ceteris
1031 3459 1216 3558 discipulis
1243 3480 1338 3539 earn¹

229 3567 499 3639 commendavit.
754 3624 775 3647 ,.
820 3637 823 3644 ,

239 3761 240 3764 ¹
335 3667 428 3756 Quia
443 3693 544 3742 mens
562 3670 844 3765 crucifigentium
859 3669 1090 3742 obtenebrata
1106 3687 1178 3738 non
1191 3687 1323 3760 cogno-w

218 3769 294 3864 111,
313 3769 428 3867 qualis
447 3772 500 3844 sol
517 3773 615 3867 ligno
635 3773 750 3846 crucis
769 3772 899 3844 affixus
917 3775 1024 3862 esset,
1052 3769 1105 3840 sol
1132 3766 1251 3840 oculos
1277 3766 1324 3836 11-

231 3871 411 3946 luminans
439 3876 691 3948 obtenebratus
718 3881 791 3968 est,
818 3897 997 3969 quumque
1033 3871 1126 3944 oculi
1161 3868 1322 3966 corporis·

231 3983 353 4048 eorum
379 3979 834 4071 obtenebrarentur,'mens
860 3999 983 4050 eorum
1008 3974 1180 4071 paulatim
1207 3971 1325 4067 coepit

233 4075 438 4166 illuminari.
470 4082 563 4154 Vae
591 4080 694 4174 fuit,
724 4103 809 4153 vae
849 4078 941 4152 suit
982 4077 1133 4172 nobis,
1163 4075 1323 4150 Filius

312 4257 339 4312 1.
360 4255 444 4313 ross.
460 4237 569 4330 aar(
670 4321 676 4331 .

313 4333 341 4388 2.
362 4334 438 4391 Rou.
455 4337 482 4404 6,
498 4338 525 4391 3.
562 4359 565 4366 ·

316 4411 333 4466 3
355 4409 477 4470 Scilicet
491 4412 521 4470 iu
532 4412 646 4490 nuptiis
662 4412 765 4472 Canae
780 4413 811 4472 111
825 4413 971 4492 Galilaea.
