3330 5200
1262 363 1306 436 89

211 491 354 588 pellere
380 515 496 589 posse.
524 492 572 566 Et
597 516 706 589 quum
731 491 870 566 audiret
901 491 1100 567 dicentem:
1136 493 1307 568 Firmiter
1365 511 1373 546 ’

214 600 323 671 crede
343 605 379 669 et
395 599 495 672 vivet
512 598 586 671 filia
607 605 678 691 tua,
697 597 779 669 inde
794 597 985 692 intellexit,
999 621 1036 668 se
1049 597 1156 670 fidem
1168 597 1305 670 medico

213 725 281 798 pro
308 702 425 798 pretio
452 703 535 776 dare
563 725 683 800 posse,
708 701 778 790 Qui
798 703 908 774 verbo
927 702 998 774 oris
1013 702 1069 774 sui
1087 704 1245 796 sanabat,
1264 703 1304 775 fi-

216 807 287 901 dei,
306 832 398 904 quae
418 815 473 880 est
490 807 627 880 fructus
646 806 730 899 oriS,
757 806 956 879 mercedem
975 807 1098 900 exegit
1111 807 1136 878 ⁴.
1160 806 1304 879 Sanatio

214 933 263 983 ex
283 935 345 984 ore
360 909 497 985 Christi
515 911 637 1005 exivit,
652 917 688 982 et
701 910 806 982 fidem
825 934 870 981 ex
888 934 949 982 oro
967 909 1127 983 mulieris
1145 910 1305 1004 negotia-

215 1022 274 1086 tus
294 1025 359 1088 est.
389 1017 616 1090 Sanationem
643 1013 867 1086 manifestam
893 1013 991 1086 dedit
1008 1021 1044 1086 et
1061 1014 1215 1112 pretium
1232 1039 1305 1086 ma

214 1119 387 1193 nifestum
404 1120 609 1216 postulavit.
629 1118 774 1192 Sanatio
793 1117 925 1191 elabiis
944 1119 1020 1214 ejus
1034 1118 1229 1215 procedens
1243 1140 1306 1214 pa-

214 1221 288 1295 lam
305 1223 536 1318 audiebatur,
555 1224 635 1296 ideo
654 1223 759 1294 fidem
778 1221 882 1296 labiis
896 1221 1119 1320 propalatam
1133 1222 1305 1318 poposcit.

215 1329 390 1400 Attamen
416 1353 524 1425 quum
551 1327 680 1400 mulier
707 1349 826 1398 coram
853 1329 1028 1420 omnibuS,
1063 1325 1149 1423 quid
1174 1325 1306 1398 factum

214 1431 322 1526 esset,
341 1433 580 1526 confiteretur,
599 1439 636 1504 et
662 1431 695 1503 ei
722 1431 828 1503 fidem
846 1454 917 1502 non
935 1436 1171 1527 praestarent,
1190 1430 1304 1502 maxi-

214 1559 270 1606 me
285 1559 329 1608 ea
343 1561 389 1609 ox
403 1559 518 1631 causa,
537 1536 621 1632 quia
639 1537 714 1633 ejus
733 1535 873 1608 dolores
892 1535 1087 1607 absconditi
1104 1539 1206 1605 erant
1220 1557 1303 1606 nam

213 1645 249 1709 et
271 1664 381 1736 quum
399 1640 519 1713 oculos
537 1640 632 1712 coeci
649 1639 816 1737 aperiret,
844 1663 924 1711 eum
943 1638 1099 1710 insanire
1122 1637 1302 1732 dixerunt,

212 1750 249 1813 et
268 1769 378 1840 quum
396 1744 573 1817 Lazarum
590 1747 685 1817 vitae
703 1744 880 1835 redderet,
908 1765 952 1814 ex
972 1742 1023 1814 eis
1041 1741 1140 1839 ipsis,
1171 1742 1232 1838 qui
1250 1742 1302 1815 vi-

214 1847 355 1942 derant,
383 1847 547 1920 nonnulli
574 1872 646 1921 non
671 1847 909 1941 crediderunt,
928 1853 1118 1944 propterea
1142 1845 1301 1941 puellam

212 1944 401 2024 duodecim
420 1975 592 2025 annorum
611 1953 648 2024 in
666 1953 774 2025 vitam
797 1949 986 2026 revocavit.
1014 1949 1084 2038 Qui
1103 1951 1197 2022 eninr
1215 1950 1301 2021 duo-

212 2055 333 2128 decim·
349 2080 522 2129 annorum
540 2057 651 2130 vitam
669 2056 825 2152 corporis
843 2079 915 2128 non
937 2055 1176 2150 interruptam
1193 2053 1231 2126 in
1249 2053 1300 2126 lo-

210 2183 292 2234 cum
311 2185 413 2234 suum
431 2161 587 2255 reduxit,
606 2161 722 2258 potuit
736 2167 771 2232 et
784 2160 921 2232 fluxum
936 2157 1120 2254 sanguinis
1135 2181 1199 2255 per
1213 2159 1300 2230 duo-

211 2265 329 2336 decim
347 2289 459 2337 annos
486 2288 557 2337 non
579 2265 816 2361 interruptum
836 2264 1031 2360 reprimere
1049 2269 1085 2334 et
1103 2287 1124 2336 a
1140 2261 1217 2335 loco
1237 2287 1300 2336 suo

210 2369 351 2464 eiicere.
370 2369 440 2458 Qui
458 2393 568 2442 unum
586 2369 701 2465 potuit
728 2367 911 2458 reducere,
938 2367 1054 2465 potuit
1082 2375 1118 2440 et
1144 2367 1298 2440 alterurn

209 2473 406 2570 expellere,
433 2480 469 2545 et
495 2474 555 2570 qui
573 2474 671 2546 illius
697 2472 790 2545 filiae
817 2472 936 2544 omnia
960 2473 1120 2545 membra
1138 2477 1300 2544 emortua

207 2578 413 2672 vivificavit,
430 2577 547 2674 potuit
566 2585 602 2650 et
618 2583 779 2652 ventrem
796 2576 902 2672 hujus
920 2575 1080 2648 mulieris
1099 2599 1236 2648 sanare.

313 2682 507 2779 Postquam
526 2689 645 2754 autem
672 2681 801 2753 mulier
828 2687 953 2753 sanata
972 2687 1037 2774 est,
1065 2679 1157 2752 dixit
1174 2679 1299 2752 Domi-

207 2809 298 2858 nus:
329 2809 343 2844 c
362 2786 450 2876 Quis
468 2808 524 2858 me
542 2785 662 2882 tetigit
675 2823 704 2877 a,
725 2784 870 2878 scilicet,
897 2791 937 2856 ut
950 2783 1030 2880 ipsa
1048 2806 1165 2855 coram
1184 2784 1235 2856 eis
1255 2784 1298 2855 de

208 2897 419 2986 recuperata
443 2913 506 2962 sua
533 2891 657 2974 salute¹
675 2889 936 2961 testificaretur.
963 2886 1101 2960 Idcirco
1128 2886 1234 2959 etiam
1253 2888 1297 2960 de

207 2993 330 3088 puella
342 2993 434 3067 dixit
450 3016 464 3050 u
478 2993 628 3068 dormit
641 3033 670 3089 n,
684 2998 725 3066 ut
737 2992 808 3089 ipsi
820 2998 931 3064 testes
945 2991 1081 3082 fierent,
1096 2990 1190 3087 quod
1203 3015 1297 3064 mor-

207 3103 270 3170 tua
288 3104 393 3192 esset,
406 3105 457 3192 ut,
472 3098 612 3194 quando
627 3122 705 3187 eam
717 3097 813 3170 vitae
828 3095 1004 3170 redditam
1021 3095 1194 3188 viderent,
1206 3095 1299 3168 dori-

129 3275 135 3289 ,
210 3224 308 3274 sores
327 3202 365 3273 in
382 3207 493 3274 testes
513 3203 588 3299 ejus
606 3207 906 3276 converterentur.
926 3199 1184 3274 Testimonium
1203 3199 1298 3272 enim

209 3305 252 3376 de
271 3313 384 3379 morte
403 3306 544 3402 puellae
563 3308 607 3378 ab
627 3306 678 3378 eis
697 3305 842 3399 editum,
862 3312 897 3376 et
915 3302 1139 3379 resuscitatio
1157 3303 1298 3400 puellae

209 3415 321 3483 testes
334 3417 446 3501 erant,
457 3409 517 3506 qui
530 3417 681 3482 mortem
691 3409 836 3482 Domini
846 3409 1118 3506 praecedebant,
1128 3431 1173 3479 ns
1182 3408 1297 3480 incre·

209 3513 285 3585 duli
302 3515 440 3607 fierent,
463 3515 603 3610 quando
631 3537 712 3585 eum
738 3514 940 3587 redivivum
967 3512 1140 3587 viderent.
1169 3513 1299 3610 Itaque

210 3617 292 3689 data
302 3619 466 3714 elegendi
474 3617 643 3690 facultate
657 3618 750 3690 inter
763 3618 851 3690 haec
862 3617 931 3690 duo
943 3641 1002 3690 eos
1012 3616 1140 3712 posuit.
1152 3617 1190 3690 si
1205 3618 1300 3689 enim

209 3719 247 3792 in
264 3729 446 3819 posterum
464 3723 594 3795 iterum
614 3721 784 3815 dicerent,
809 3721 966 3819 puellam
985 3719 1207 3813 dormivisse,
1234 3744 1300 3817 per

210 3824 276 3897 hoc
294 3849 434 3923 quoque
448 3826 516 3899 etsi
527 3825 714 3898 nolentes²
733 3849 814 3897 sum
832 3825 1113 3921 magnificarent,
1128 3824 1211 3919 quia
1224 3847 1299 3896 om·

209 3931 313 4003 nibus
327 3931 585 4028 spectatoribus
599 3929 874 4027 dijudicantibus
890 3936 926 4001 et
935 3927 1204 4022 affirmantibus,
1219 3951 1298 4000 eam

209 4033 317 4107 firisse
335 4042 524 4130 mortuam,
546 4037 636 4132 ipse,
663 4041 853 4131 antequam
880 4033 1036 4131 puellam
1063 4032 1213 4126 videret,
1233 4032 1299 4104 soi-

210 4133 329 4234 visset,
343 4163 421 4212 eam
435 4139 599 4212 dormire.
611 4139 649 4214 si
662 4145 782 4212 autem
796 4139 966 4234 dicerent,
986 4161 1063 4210 eam
1081 4160 1154 4209 non
1166 4136 1297 4209 dormi-

274 4319 486 4454 t1.Haecex
511 4321 578 4380 eod.
593 4321 636 4396 B3
656 4321 687 4378 in
709 4319 776 4380 cod.
800 4320 828 4378 A
855 4317 1020 4377 nonnullae
1048 4333 1141 4375 voees
1162 4313 1295 4374 omissae

213 4409 271 4453 sun
289 4437 295 4451 .

287 4480 315 4536 2.
336 4479 387 4538 Ita
400 4478 430 4536 in
447 4480 513 4540 cod.
529 4481 570 4564 B3
585 4479 616 4538 in
632 4479 698 4538 cod.
712 4477 759 4536 A:
775 4477 873 4546 Quum
888 4494 949 4536 non
964 4473 1099 4552 possent.
