3344 5200
1242 309 1317 406 ἰιι

229 459 273 534 ιιι
290 465 337 554 et,
356 466 448 532 teste
466 461 662 557 Scriptura,
685 462 720 534 in
750 462 952 560 sepulcrum
981 460 1190 554 introduxit,
1210 459 1320 534 idem-

228 585 296 658 que
315 565 516 638 resurrexit
534 576 570 637 et
588 566 770 662 spelaeum
788 565 1005 662 captivitatis
1029 587 1113 636 suae
1129 563 1318 662 spoliavit.

228 665 328 741 Mors
347 667 576 765 cum'rapuit,
603 668 750 742 abstulit
769 675 804 740 et
822 669 1035 765 deportavit,
1054 668 1166 740 donec
1193 668 1319 742 obdor-

227 768 344 862 miret,
354 777 439 842 tune
449 794 535 844 vero
545 772 817 866 expergefactus
826 771 959 866 prodiit
968 777 1003 842 et
1012 769 1130 866 rapuit
1139 777 1319 865 raptorem

228 894 342 945 suum.
361 872 433 946 Hic
451 869 1318 1047 esttcrucifixus¹,qu1crucifixiteosquritpsum

227 972 274 1048 in
282 996 423 1058 crucem
452 983 667 1094 agerantet
631 977 749 1048 etbic
776 983 831 1048 est
857 973 1030 1072 captivae,
1051 975 1113 1071 qui
1138 975 1316 1072 captivum

133 1081 135 1086 '
225 1061 308 1150 iecit
334 1091 426 1170 eum,
454 1079 516 1174 qui
541 1080 657 1174 ipsum
686 1079 865 1195 captivum
892 1079 1033 1152 fecerat.
1061 1077 1163 1150 Crux
1193 1089 1285 1154 mort
1287 1080 1318 1152 is

226 1185 308 1250 tuae
326 1181 470 1254 fous‘t
418 1206 453 1254 vr
455 1189 512 1254 tae
531 1181 727 1256 mortalitt
675 1187 727 1254 tta
728 1181 740 1252 i
756 1188 838 1256 nost
839 1205 899 1254 rae
917 1182 987 1254 fact
973 1187 1078 1252 ttaes
1089 1204 1097 1274 ;
1116 1181 1317 1276 quicunque

227 1303 273 1357 ex
292 1288 361 1356 tuo-
378 1283 474 1356 fonte
500 1285 678 1376 biberunt,
705 1285 842 1356 fructus
869 1283 969 1380 potui
993 1290 1054 1356 tuo
1082 1282 1216 1357 similes
1235 1307 1316 1379 pro-

225 1383 417 1460 duxerunt.
431 1385 530 1460 Mors
544 1340 696 1561 cotmedit
681 1386 831 1504 tvitam,
845 1410 935 1482 quae
950 1385 988 1458 in
1002 1385 1209 1482 corporibus
1223 1411 1317 1460 mor·

225 1485 357 1562 talibus
385 1489 783 1583 latebatetuescivit,
812 1489 923 1562 vitam
950 1489 987 1560 in
1015 1489 1139 1562 eodem
1167 1511 1315 1586 corpore

10 1599 12 1650 t
95 1675 98 1682 Ι
215 1591 372 1672 comedi.
392 1579 491 1666 Mors
510 1593 671 1665 esuriens
689 1545 1073 1686 fest'triiavit,t'deglu1re
1091 1615 1188 1683 eum,
1204 1593 1317 1666 sede

223 1691 406 1767 festinavit
392 1701 515 1788 teum
542 1695 661 1768 dimit
631 1701 722 1768 ttere
741 1718 788 1766 ex
806 1719 871 1766 sua
897 1719 941 1792 po
944 1702 1084 1767 tteesta
1103 1693 1196 1781 Quia
1221 1719 1317 1790 mors

224 1817 290 1890 per
308 1820 432 1870 aurem
445 1799 618 1870 Evaet
563 1823 599 1870 ιιι
603 1804 763 1872 ttravera
765 1851 774 1890 ,
790 1820 855 1894 per
873 1820 994 1870 aurem
1013 1796 1220 1872 Mariaet
1168 1823 1204 1868 ιι
1206 1806 1243 1869 ta
1260 1798 1315 1868 in-

223 1898 390 1993 travit3e
371 1901 519 1998 etqnia
544 1902 649 1974 homo
677 1901 797 1974 debita
759 1907 882 1996 tper
909 1900 1048 1995 lignum
1075 1922 1140 1974 con
1142 1907 1314 1994 traxerat

225 1999 391 2076 Christus
409 2004 507 2076 veuit
510 2011 572 2097 e,t
591 2028 654 2100 per
667 2001 806 2098 lignum
826 2025 868 2076 ea
887 2002 1002 2076 solvit.

327 2105 504 2183 Miraoula
529 2108 606 2202 ejus
631 2129 739 2192 unum
768 2129 833 2201 per
851 2105 902 2178 alt
887 2113 1004 2178 terum
1029 2105 1159 2179 Judaei
1184 2103 1313 2179 tollere

225 2207 424 2284 studebant.
444 2210 495 2303 Is,
520 2211 631 2306 ajunt,
657 2210 719 2306 qni
745 2209 867 2284 oculos
896 2208 991 2281 caeci
1018 2209 1170 2306 aperuit,
1198 2233 1314 2282 nonne

223 2311 340 2406 potuit
368 2312 505 2406 lacere,
535 2319 576 2386 ut
604 2313 672 2384 iste
707 2335 779 2385 non
808 2321 1037 2388 moreretur„
1053 2311 1099 2382 ²?
1131 2313 1179 2384 Et
1207 2337 1316 2409 quum

223 2413 331 2488 istum
363 2438 502 2510 quoque
520 2416 558 2486 in
576 2415 686 2488 vitam
717 2422 931 2507 revocasset,
957 2416 1087 2488 iterum
1119 2415 1313 2489 dixerunt:

223 2535 240 2591 ι
257 2515 368 2592 Hune
382 2517 577 2591 vivificavit
590 2525 625 2589 et
644 2539 682 2588 se
700 2517 818 2614 ipsum
836 2541 908 2590 uon
925 2524 1045 2612 potest
1056 2517 1245 2590 vivificare
1259 2557 1273 2592 ι
1286 2517 1313 2590 ⁵.

221 2617 266 2690 In
282 2627 454 2713 quantum
473 2619 528 2696 illi
552 2618 675 2715 priora
698 2619 871 2692 miracula
896 2619 1093 2714 solvebant,
1111 2619 1149 2692 in
1175 2627 1313 2692 tantum

224 2717 389 2798 Christus
406 2721 588 2818 prioribus
607 2722 741 2818 majora
766 2721 988 2815 monstravit,
1006 2747 1071 2818 pro
1089 2746 1193 2794 caeco
1220 2745 1314 2796 mor-

222 2828 322 2898 tuum
350 2823 633 2921 quadriduanum
654 2832 690 2896 et
707 2848 772 2920 pro
790 2825 856 2896 boc
883 2831 1021 2898 mortuo
1052 2827 1191 2898 turbam
1220 2847 1312 2912 mor-

224 2932 379 3019 tuorum,
396 2951 503 3024 quam
517 2951 562 3002 ex
582 2927 756 3024 sepulcris
774 2927 908 3000 eduxit.
922 2928 1040 3014 Quum
1057 2926 1313 3025 posterioribus

222 3030 404 3104 miraculis
431 3029 626 3104 illuderent
645 3031 826 3104 dicentes:
848 3053 862 3088 ι
886 3028 960 3102 Our
986 3031 1075 3102 baec
1101 3031 1216 3102 facere
1242 3053 1314 3102 non

88 3127 102 3151 ⁸
221 3139 340 3226 potest
357 3171 386 3226 ι,
404 3140 514 3208 testes
533 3141 635 3206 orant
652 3133 811 3230 priorum
829 3133 1092 3225 miraculorum,
1111 3156 1201 3229 quae
1220 3133 1311 3204 fece-

221 3242 287 3308 rat.
299 3235 433 3308 Dicunt
442 3236 535 3310 enim
547 3262 555 3308 :
569 3259 584 3294 a
597 3236 680 3328 Hic,
693 3236 753 3331 qui
768 3236 910 3332 apernit
921 3236 1041 3308 oculos
1054 3236 1149 3308 caeci
1162 3275 1191 3327 ι,
1202 3242 1237 3306 et
1246 3237 1312 3314 ite-

219 3361 299 3414 rum
318 3345 515 3414 testantur:
537 3362 552 3396 ι
570 3340 674 3412 Alios
694 3340 812 3412 salvos
830 3339 914 3410 fecit
930 3378 957 3412 ι.
977 3337 1068 3412 Tum
1091 3363 1183 3434 ergo
1197 3338 1313 3434 dupli-

163 3480 167 3484 ·
218 3461 296 3516 cem
323 3466 368 3516 ex
395 3443 448 3516 eis
474 3441 664 3516 utilitatem
692 3442 901 3538 reportavit,
928 3441 1100 3536 primam,
1123 3449 1162 3514 ut
1189 3466 1311 3514 eornm

165 3583 168 3586 ·
218 3545 462 3621 absconditam
478 3545 680 3627 irrisionem
699 3547 896 3639 detegeret,
921 3545 1137 3618 dicentium:
1159 3545 1312 3618 “Forsi-

218 3651 280 3720 tan
298 3671 369 3724 non
388 3654 506 3744 potest
523 3649 640 3723 lacere
655 3688 685 3741 s,
704 3657 740 3721 et
757 3649 920 3742 alteram,
934 3655 974 3720 ut
992 3648 1024 3718 ei
1043 3648 1171 3722 fierent
1189 3653 1311 3741 testes,

217 3751 311 3844 quod
339 3750 375 3822 id
402 3751 518 3824 facere
545 3759 676 3846 posset.
708 3750 878 3847 “Alios
906 3751 1067 3836 salvos
1094 3751 1222 3845 lecit,
1257 3751 1310 3826 in-

295 3993 555 4057 1.Advesoum.
574 3999 946 4074 “Hacoestorumquae
968 3997 1122 4056 crucifixit
1146 3996 1309 4054 crucifi-xo-

214 4093 264 4134 res
281 4094 392 4136 suess.
408 4075 467 4133 Sed
480 4077 600 4135 eruxb·
615 4077 635 4133 l.
650 4076 727 4135 falso
744 4093 798 4153 pro
814 4075 962 4136 crucifixo
977 4077 1109 4152 ponitur,
1126 4073 1308 4150 quodfacile

214 4154 396 4232 explicatur,
420 4172 511 4228 quum
527 4156 556 4214 in
571 4153 696 4232 Syriaco
722 4155 828 4215 eadem
844 4171 905 4215 vox
926 4172 1048 4217 crucem
1074 4160 1105 4211 et
1127 4151 1306 4211 crucifixum

214 4233 377 4310 significet.

292 4315 427 4386 2Mfllouu
442 4310 549 4387 11„37.

293 4391 387 4469 3..OE
403 4390 501 4448 Maru.
518 4391 566 4463 27,
583 4390 630 4446 42.
