3344 5200
348 357 418 428 280

326 553 327 562 ,
349 483 507 562 inclusae
528 499 609 566 sunt
627 498 769 564 nostrae
798 489 994 586 gratiarum
1022 487 1181 563 actiones
1201 495 1236 560 et
1258 483 1369 560 multa
1388 479 1446 558 di·

352 594 448 662 stant
464 595 508 666 ab
528 595 579 668 eis
599 617 688 691 quae
707 603 745 666 tu
772 593 1007 690 praeveniens
1031 592 1171 665 dedisti.
1200 591 1277 666 Nec
1295 597 1444 686 propter

345 692 522 786 justitiam
540 704 636 770 tuam
663 697 735 768 tuis
761 695 1049 771 miserationibus
1077 695 1252 768 terminus
1279 698 1446 788 ponatur,

351 817 418 866 nec
434 819 512 869 cum
533 800 586 872 eis
612 800 747 896 gratiae
776 806 858 872 tuae
877 799 970 870 dona
996 798 1101 870 finem
1128 798 1296 888 habeant,
1317 819 1384 868 nec
1405 803 1446 870 tu

350 897 466 972 minor
484 901 585 976 nobis
604 902 770 996 videaris,
788 902 850 997 qui
867 901 979 997 major
997 925 1035 974 es
1053 900 1155 974 nobis
1173 901 1198 994 ⁴,
1219 897 1361 996 quando
1391 907 1446 972 ta-

352 1022 432 1073 cere
460 1004 902 1078 facies²1nisericordiam
930 1013 1027 1076 tuam
1055 1003 1091 1076 in
1118 1003 1274 1076 vindicta
1299 1008 1380 1092 tua,
1408 1011 1445 1074 et

351 1106 504 1196 gratiam
523 1113 620 1185 tuam
639 1107 676 1180 in
695 1106 856 1180 cursibus
876 1105 949 1180 suis
966 1103 1151 1204 impedies,
1165 1106 1216 1182 ita
1232 1110 1272 1178 ut
1289 1103 1444 1200 perditio

349 1213 473 1283 nostra
496 1233 572 1282 eam
606 1209 824 1306 praeveniat.
856 1211 950 1284 Nam
972 1207 1218 1282 miserationes
1249 1214 1331 1286 tuae
1357 1231 1446 1282 vasa

351 1317 435 1384 sunt
453 1311 588 1406 gloriae
607 1319 689 1386 tuae
716 1312 847 1386 nostris
868 1311 1134 1389 infirmitatibus
1156 1311 1336 1410 adaptata,
1352 1333 1451 1405 quae·

350 1413 452 1487 nobis
469 1415 677 1511 praedicent
695 1416 738 1488 de
757 1415 869 1510 bunia,
887 1440 977 1512 quae
994 1439 1017 1488 a
1033 1421 1068 1488 te
1087 1413 1249 1490 veniunt.

357 1583 359 1590 ,
455 1518 581 1613 Itaque
600 1541 810 1592 concursum
822 1519 984 1614 justitiae
1006 1525 1089 1592 tuae
1107 1541 1172 1614 per
1189 1515 1444 1592 abundantium

349 1615 474 1700 harum
495 1621 760 1694 miserationum
779 1620 920 1694 irritum
938 1621 1016 1696 fieri
1030 1627 1182 1720 oportet.
1200 1621 1248 1723 Et
1267 1619 1360 1693 sicut
1376 1617 1446 1693 ina

350 1718 439 1792 tium
458 1723 586 1817 nescis,
605 1725 656 1796 ita
673 1747 738 1796 nec
763 1723 899 1798 finem⁵
919 1725 1074 1818 vocabis,
1092 1732 1128 1796 et
1155 1717 1206 1798 sid
1232 1721 1347 1796 serris
1369 1721 1442 1794 tuis

348 1817 593 1900 misericordia
612 1833 673 1900 tua
689 1827 840 1902 firmatis
868 1834 903 1900 et
930 1827 1046 1922 gratia
1063 1834 1125 1902 tun
1149 1823 1355 1900 confortatis
1376 1848 1445 1898 un·

350 1924 456 2022 dique
474 1929 657 2004 tristitiam
674 1930 808 2026 poteris
827 1930 1013 2004 seminare.
1032 1929 1118 2004 Noli
1134 1952 1222 2026 ergo
1240 1935 1276 2002 te
1298 1926 1446 2028 privare

348 2028 452 2103 domo
469 2038 542 2125 tua,
561 2058 631 2129 qua
649 2033 823 2130 dissipata
840 2041 877 2104 et
893 2032 1036 2130 perdita
1056 2033 1219 2107 homines
1236 2055 1282 2103 ex
1301 2030 1443 2104 defectu
1460 2073 1466 2084 ·

347 2130 433 2205 salis
460 2137 574 2208 nc‘stri
600 2135 745 2232 insipidi
774 2135 879 2229 fient,
906 2144 945 2210 tu
972 2135 1066 2210 enirn
1094 2143 1241 2232 gustum
1273 2133 1443 2234 salutaris

347 2240 430 2306 tuae
449 2237 713 2312 misericordiae
732 2239 834 2312 nobis
852 2239 983 2312 dedisti
1000 2239 1147 2311 dicens:
1168 2261 1183 2296 e
1199 2237 1358 2310 Mundus
1374 2259 1444 2336 per

346 2337 497 2430 gratiam
517 2341 760 2414 aedificabitur
775 2379 806 2414 a.
833 2342 929 2414 Num
957 2341 1148 2418 minorabis
1175 2341 1278 2416 nobis
1300 2339 1441 2415 miseri-

348 2441 502 2533 cordiam
521 2450 631 2538 tuam,
650 2444 710 2540 qui
729 2443 894 2516 defenser
912 2468 950 2518 es
968 2439 1134 2520 utilitatis
1159 2443 1335 2518 nostrae?
1356 2443 1440 2538 Jam

344 2541 419 2618 vita
435 2546 538 2620 Adae
566 2570 695 2644 praeco
721 2547 788 2620 fuit
815 2546 1078 2622 misericordiae
1106 2555 1202 2641 tuae,
1218 2571 1289 2646 qua
1313 2545 1443 2622 haere-

346 2643 426 2720 dem
441 2647 456 2694 l
474 2649 542 2723 sibi
561 2651 676 2746 potuit
695 2649 878 2742 suscitare,
897 2653 957 2746 qui
984 2649 1153 2724 tristem5
1171 2652 1247 2746 ejus
1274 2649 1442 2725 haeredi·v

344 2753 452 2824 tatem
471 2752 649 2849 perderet,
663 2776 743 2824 nam
763 2752 879 2825 denuo
896 2777 962 2848 per
975 2752 1231 2850 poenitentiam
1245 2752 1283 2828 in
1296 2752 1440 2826 Adamc

347 2855 502 2928 secundo
520 2855 665 2928 voluisti
683 2855 866 2951 possidere
884 2855 1074 2948 hominem,
1094 2856 1156 2951 qui
1174 2857 1240 2930 sub
1258 2855 1443 2950 utroque·lu

345 2953 542 3032 desciscere
564 2967 712 3032 conatur
731 2983 752 3031 a
770 2958 847 3032 cibo
868 2967 939 3053 tuc,
958 2959 1019 3057 qui
1045 2959 1153 3032 vitam
1181 2959 1258 3056 ejus
1276 2965 1438 3042 veterem-

344 3059 501 3158 extirpat
520 3062 556 3136 in
575 3086 686 3159 regno
705 3070 765 3134 tuo
779 3062 805 3133 ⁷.
834 3061 906 3136 Per
924 3061 1204 3136 misericerdiam
1221 3067 1319 3134 tuam
1335 3061 1441 3136 Abel.

342 3161 497 3254 primum
514 3167 551 3238 in
571 3189 652 3242 orco
670 3165 877 3260 deposuisti,
895 3173 935 3240 ut
961 3189 1065 3238 orcus
1090 3188 1156 3262 per
1174 3163 1351 3261 jtustitiam
1377 3186 1439 3240 co-

343 3273 500 3363 geretur,
518 3293 598 3342 eum
618 3269 661 3342 de
681 3268 797 3350 medio
817 3269 871 3340 sui
890 3269 1049 3365 prolerre
1068 3276 1104 3340 et
1122 3268 1314 3362 dimittere,
1326 3273 1441 3362 atque·

342 3367 416 3462 ejus
444 3394 553 3445 causa
578 3380 681 3467 porta
707 3371 919 3466 aperiretur,
946 3395 1037 3468 quae
1065 3393 1188 3445 omnes
1222 3369 1373 3464 includit
1398 3377 1437 3442 et

236 3502 240 3512 ·
340 3469 572 3548 evacuaretur
605 3476 714 3566 sinus,
734 3473 794 3568 qui
826 3474 988 3547 omnibus
1018 3475 1213 3572 praevalet.
1246 3473 1285 3546 Si
1315 3473 1439 3554 Adam

418 3720 443 3773 l.
465 3718 548 3776 Deus
564 3719 737 3796 exjustitia
751 3721 889 3796 puniens,
906 3721 991 3796 quasi
1016 3723 1151 3796 peccatis
1176 3721 1292 3780 nostris
1316 3736 1427 3796 proro-

339 3801 425 3853 catus
440 3799 472 3853 et
484 3798 532 3856 ira
544 3800 694 3869 devictus,
710 3797 839 3874 ideoque
865 3801 1089 3874 quodammodo
1113 3801 1202 3860 uobis
1227 3798 1351 3858 inferior
1371 3815 1426 3872 pu-

338 3875 397 3930 tari
433 3882 526 3933 osset.
1431 3907 1434 3913 “

411 3894 443 4012 ἓ.
467 3953 515 4012 Sic
531 3956 559 4013 in
577 3955 645 4013 cod.r
658 3956 691 4012 B.
707 3955 742 4012 In
759 3956 827 4014 cod.
842 3957 868 4016 A
884 3955 981 4015 falso:
998 3959 1143 4016 “terrere
1160 3956 1253 4014 facies
1268 3985 1294 4016 a·

416 4039 444 4092 3.
466 4033 588 4091 Scilicet
603 4033 833 4092 misericordiae
850 4041 931 4092 tuae.

415 4117 443 4169 4.
465 4111 581 4188 Nempe
597 4111 764 4170 Christum.
824 4151 836 4172 .

413 4193 440 4246 5.
462 4190 549 4248 Hanc
565 4208 670 4250 vocem
687 4189 901 4266 explicationis
917 4208 1012 4252 causa
1026 4191 1153 4250 inserui.

413 4271 441 4325 6.
462 4268 577 4344 Nempe
594 4267 650 4325 sub
665 4269 783 4326 Adauro
799 4272 830 4326 et
845 4269 977 4328 Christo.

415 4347 441 4402 7.
464 4343 512 4404 Sic
527 4347 556 4404 in
571 4345 640 4405 cod.
654 4347 688 4403 B.
703 4348 739 4404 In
755 4347 822 4406 cod.
837 4347 865 4404 A
880 4347 991 4406 rerba:
1011 4349 1074 4407 “In
1089 4365 1184 4422 regno
1198 4350 1275 4410 tuo,
1296 4363 1436 4424 sequen-2

332 4424 354 4480 ti
370 4424 541 4484 sententiae
558 4425 749 4500 copulantur.
