3302 5186
950 359 972 398 ,
1040 368 1045 378 ,

1243 403 1311 480 19'5

327 527 1047 626 Illevulneratus(Luc.10,25.37)
1074 531 1312 630 Judaeum,
1342 481 1345 486 '
1399 449 1461 536 ⁶.

223 644 261 709 et
279 660 343 733 per
362 635 622 709 Samaritanum
639 631 848 707 Sacerdotes
866 640 903 704 et
920 635 1065 708 Levites
1084 637 1310 732 vituperavit,

222 740 286 834 qni
305 763 392 833 erga
410 738 502 810 filios
517 737 635 834 gentis
654 758 738 809 suae
757 736 1003 810 confecerunt
1020 739 1310 816 misericordiam.

223 842 329 916 Dixit
347 842 392 914 ad
411 839 750 913 eum:Et‘tufac
777 839 1023 934 similiter,
1038 842 1173 914 scilicet
1191 842 1227 915 in
1245 846 1309 916 Ju-

223 946 343 1039 dacos,
362 943 526 1016 concives
543 951 634 1016 tuos.
653 943 736 1016 Non
754 941 867 1014 dixit:
894 941 1139 1018 Samaritanus
1166 953 1242 1019 esto
1260 953 1310 1021 tu.

224 1049 318 1136 Quia
335 1071 462 1144 nempe
488 1047 550 1119 ille
578 1047 884 1140 interrogaverat:
906 1068 923 1102 s
940 1045 1020 1141 quis
1047 1054 1102 1120 est
1126 1049 1312 1143 proximus

223 1175 324 1224 meus
337 1189 367 1244 n,
386 1151 407 1222 i.
424 1173 453 1221 e.
473 1150 552 1246 quis
571 1154 638 1240 est,
656 1171 761 1243 quem
778 1147 939 1244 diligam,
956 1148 1131 1222 Dominus
1154 1150 1188 1222 ei
1213 1175 1313 1227 mon·

219 1254 352 1326 ‘stravit
368 1253 546 1327 Judaeum
563 1250 800 1326 vulneratum.
819 1251 936 1338 Quum
969 1259 1087 1325 autern
1119 1253 1311 1328 Samarita-

222 1363 301 1429 nus
317 1358 424 1429 etiam
451 1354 648 1451 gentilibus
676 1353 838 1426 inimicus
864 1360 971 1446 esset,
994 1377 1057 1428 cur
1083 1379 1148 1452 pro
1174 1356 1313 1432 Judaec

221 1459 408 1540 vulnerata
421 1455 459 1531 in
476 1460 543 1532 hac
556 1456 726 1554 parabola
741 1479 813 1528 non
827 1457 989 1528 adhibuit
1003 1459 1200 1552 gentilem?
1212 1460 1314 1533 Non-

219 1585 266 1636 ne
284 1563 351 1635 hoc
377 1561 480 1634 modo
499 1561 709 1634 Sacerdotes
727 1567 763 1630 et
779 1559 925 1631 Levitae
945 1561 1080 1654 pudore
1108 1561 1236 1654 affecit,
1250 1563 1313 1660 qui

222 1689 296 1737 non
313 1665 490 1737 faciebant
507 1661 787 1736 misericordiam
813 1662 851 1732 in
877 1662 969 1733 lilios
996 1664 1120 1760 populi
1137 1665 1193 1736 sui
1209 1665 1218 1710 ⁴
1235 1665 1252 1736 ?
1271 1666 1310 1739 Si

220 1769 400 1862 quendam
414 1765 586 1860 gentilem
599 1766 637 1838 in
650 1763 1083 1860 parabolapropcsnisset,
1092 1766 1140 1838 ali
1165 1767 1311 1840 uidom·
1414 1809 1415 1812 π

222 1870 307 1942 nino
325 1869 555 1968 peregrinum
580 1869 647 1940 boo
673 1867 750 1939 loco
769 1869 820 1938 cis
847 1868 885 1938 in
910 1866 1066 1940 medium
1092 1791 1312 1966 prdtulisset,

220 1969 306 2068 quia
322 1973 451 2047 Judaei
479 1993 599 2044 curam
618 1971 662 2042 de
682 1969 876 2064 gentilibus
895 1992 966 2042 non
991 1971 1191 2068 habebant5
1212 1981 1249 2047 et
1274 1974 1314 2060 in

220 2075 292 2148 fine
310 2076 365 2149 illi
383 2076 498 2148 dixit:
520 2073 725 2148 “Similiter
741 2073 850 2146 facies
865 2113 894 2148 a.
922 2073 995 2145 Sed
1016 2098 1111 2147 nuno
1127 2076 1230 2177 nobis
1258 2077 1312 2148 di-

221 2187 325 2252 cant:
344 2179 440 2252 Num
459 2179 521 2252 lex
539 2177 724 2272 praecipit,
743 2176 905 2250 misereri
921 2176 1100 2250 vulnerati
1117 2178 1231 2252 nostri
1248 2203 1316 2267 nec

221 2283 294 2354 ne?
321 2282 360 2356 Si
386 2283 453 2354 hoc
479 2282 530 2353 ita
557 2305 595 2352 so
620 2281 741 2373 babet,-
758 2280 932 2356 Dominus
959 2280 1123 2353 fortassis
1146 2282 1257 2378 venit,
1274 2289 1316 2356 ut

154 2377 162 2388 ’
189 2424 192 2433 ·
221 2384 483 2459 Samaritarum
502 2409 523 2454 a
538 2383 719 2456 calumnia
734 2383 944 2474 vindicaret,
962 2385 1152 2480 praecipue
1179 2407 1261 2458 cum
1278 2387 1314 2458 ei

220 2486 336 2562 dixit:
355 2487 457 2562 Siout
475 2487 540 2580 illi,
559 2486 709 2582 quinon
727 2485 886 2556 fecerunt
903 2485 1194 2582 misericordiam,
1208 2493 1248 2560 tu
1266 2512 1312 2560 ne

220 2591 330 2664 facias
345 2590 370 2662 ².
389 2591 437 2674 Et
454 2597 495 2662 ut
521 2587 737 2680 ostenderet,
755 2588 934 2660 Judaeum
958 2588 1079 2684 fuisse,
1107 2589 1168 2684 qui
1195 2590 1233 2663 in
1260 2591 1313 2664 la-

221 2699 344 2766 trones
374 2693 510 2786 incidit,
528 2692 643 2764 dixit:
671 2691 707 2763 A
733 2689 1005 2762 Jerusalem
1030 2691 1077 2765 in
1102 2693 1310 2767 Jericho.

220 2795 435 2870 Samaritani
463 2802 580 2867 autem
607 2793 658 2867 ibi
683 2792 902 2883 habitabant,
929 2792 1012 2888 quia
1037 2818 1143 2888 reges
1170 2797 1311 2890 priores

222 2901 383 2997 captivos
412 2921 473 2970 ecs
505 2897 745 2987 deduxerunt,
774 2902 811 2966 et
842 2917 884 2966 eo
914 2895 1143 2970 collocarunt.
1175 2899 1311 2972 Sensus

220 3003 326 3100 hujus
358 3001 456 3075 effati
483 3000 578 3074 clare
610 2999 670 3071 ad·
686 2997 1000 3071 commendandam
1030 3000 1313 3075 misericordiam

132 3189 134 3194 ,
222 3113 370 3202 spectat.
402 3104 517 3192 Quis
559 3101 756 3174 existis
790 3101 987 3174 videtur
1027 3102 1119 3178 tibi
1157 3105 1312 3200 proxi-

222 3233 319 3282 mus
359 3207 514 3281 luisse
540 3203 828 3280 vulnerato?
868 3204 965 3278 Dicit
995 3204 1050 3278 ei:
1083 3207 1171 3296 Qui
1196 3207 1314 3302 fecit

221 3309 615 3386 misericordiam.
657 3305 705 3379 Et
736 3329 827 3400 ecee,
847 3308 1093 3383 Samaritanus
1125 3316 1203 3384 erat
1231 3310 1312 3384 iste.

301 3609 328 3662 1.
350 3604 434 3664 Haec
449 3603 611 3672 sententia,
627 3617 705 3677 qnae
720 3606 898 3660 contextum
915 3604 1064 3662 sermonis
1074 3601 1248 3681 perturbat,
1271 3617 1313 3660 ex

222 3683 480 3758 praecedentibus
495 3682 573 3740 falso
587 3680 722 3755 repetita
735 3681 866 3738 videtur.

220 3811 222 3816 .
302 3761 331 3816 2.
352 3759 480 3818 Sensum
502 3760 595 3835 hujus
610 3758 670 3816 loci
695 3759 739 3815 sic
764 3759 919 3833 intelligo:
941 3759 972 3818 Si
986 3759 1047 3834 legi
1072 3763 1313 3818 consentaneum

221 3839 280 3910 est,
295 3837 424 3895 hominis
439 3836 591 3895 vulnerati
614 3836 765 3910 misereri,
778 3837 925 3895 Dominus
949 3836 1171 3896 Samaritarum
1195 3835 1313 3896 miseri·

143 3965 153 3976 .
223 3916 346 3976 cordam
361 3915 391 3972 in
404 3913 552 3992 parabola
565 3911 725 3989 proferens
751 3915 817 3988 ejus
838 3917 992 3990 gentema
1014 3915 1153 3974 convicio
1176 3914 1314 3975 inhnma-

221 3994 329 4053 nitatis
351 3993 527 4062 vindicavit,
542 4008 634 4068 quum
658 3994 690 4047 et
713 3991 866 4050 Judaeum
891 3991 1131 4066 interrogantem
1156 3992 1245 4068 quasi
1265 3991 1314 4050 his

223 4073 328 4134 verbis
344 4069 531 4130 dimitteret:
559 4086 572 4117 u
586 4068 682 4128 Sicuti
701 4068 746 4125 illi
769 4069 951 4128 Sacerdotes
965 4073 997 4129 ot
1010 4071 1149 4145 Levitae,
1170 4069 1314 4129 concives

221 4152 278 4222 tui,
291 4150 442 4224 fecerunt,
457 4153 492 4208 tu
505 4167 543 4208 ne
556 4147 653 4207 facias
668 4177 694 4208 n·
709 4147 814 4207 Verba
827 4147 920 4224 hujus
930 4147 991 4208 loci
1005 4149 1130 4208 Aucbcr
1142 4148 1185 4206 sic
1196 4147 1313 4206 reddit:

222 4229 254 4288 Si
268 4230 327 4288 hcc
341 4229 385 4287 ita
399 4231 456 4300 est,
467 4226 615 4288 Dominus
630 4223 794 4284 vindictam
808 4225 994 4285 Samaritani
1007 4228 1092 4286 venit
1104 4227 1235 4288 forsitan
1249 4225 1314 4284 exi·

224 4323 310 4382 gere,
324 4307 505 4384 praesertim
518 4303 600 4383 qnod
615 4302 690 4361 dicit
702 4302 742 4376 oi,
767 4305 857 4380 quod,
873 4307 954 4363 sicut
975 4305 1055 4384 illos,
1077 4306 1129 4381 qui
1150 4323 1213 4365 non
1232 4303 1315 4363 lece·

223 4389 296 4444 runt
318 4385 569 4458 misericordiam,
594 4381 655 4442 noli
681 4384 714 4439 tu
738 4381 882 4444 faceres.
908 4382 1031 4460 Signum
1064 4381 1314 4462 interrogationis

223 4463 448 4525 Auctor-recte
462 4461 600 4540 negligit,
614 4459 695 4541 quod
710 4461 787 4521 etin
803 4459 909 4524 codB
924 4459 1070 4524 omissum
1084 4465 1144 4524 est.
1226 4517 1229 4522 .
