3330 5200
1209 410 1274 482 109

193 536 252 611 cio
269 535 387 610 Patris
404 535 582 635 perfectus
597 543 651 610 est
668 537 699 610 is
717 529 778 632 qui
791 535 918 610 ceteris
936 537 1096 612 omnibus
1114 537 1153 610 in
1170 560 1276 610 cursu

194 665 262 714 suo
285 648 454 737 praestat,
480 647 585 737 atque
610 641 693 714 huic
710 641 777 713 iste
804 640 902 712 locus
923 647 1066 737 paratus
1093 647 1156 714 est.
1184 640 1277 729 Quia

192 751 379 839 venerant,
397 752 513 842 utper
540 743 747 817 electionem
772 744 848 818 sine
875 745 1039 840 operibus
1065 745 1276 842 acciperent,

185 847 393 921 ⁴Dominus
391 871 459 920 eos
478 873 499 920 a
517 871 554 920 se
573 846 715 945 repulit,
742 859 832 1022 prae
847 870 884 920 se
901 847 1030 942 fereae,
1056 873 1094 922 se
1120 872 1191 921 non
1215 849 1277 922 ha-

184 953 365 1025 beret
302 959 365 1050 pot
367 957 442 1024 esta
443 959 589 1100 tempe
609 951 921 1046 eosconristtare,
947 905 1115 1024 utillud:
1140 951 1277 1025 “Hanc

185 1055 320 1128 boram
338 1079 442 1128 nemo
461 1055 526 1127 scit
541 1055 588 1174 4»,
608 1079 652 1128 ne
669 1055 783 1152 ipsum
799 1055 842 1126 de
861 1078 903 1127 ea
912 976 1093 1152 ²amplius
1083 1079 1120 1126 nr
1120 1061 1278 1152 t-erroga

199 1167 280 1231 rent
282 1215 289 1231 .
310 1181 327 1216 s
265 1161 498 1232 ttNon
445 1165 498 1231 est
500 1215 508 1254 ,
530 1159 580 1232 ait
583 1215 590 1252 ,
565 1159 707 1232 trobis
733 1159 854 1230 datum
872 1159 973 1251 scire,
997 1159 1205 1232 horamett
1158 1163 1277 1231 ttem-

200 1279 267 1358 pus
281 1262 330 1338 ²2⁷.
345 1262 462 1350 Quum
480 1269 597 1335 autern
624 1261 733 1335 ceteri
744 1262 909 1359 Apostoli
933 1262 1006 1334 illis
1028 1262 1277 1358 irascerentur,

203 1388 275 1438 rem
294 1367 457 1439 omnibus
476 1366 669 1463 explicavit
698 1365 836 1437 dicens:
858 1387 873 1422 a
890 1365 960 1453 Qui
976 1365 1054 1438 vult
1071 1366 1182 1462 major
1200 1389 1278 1440 esse

201 1475 369 1563 vestrum,
384 1471 559 1543 silvester
576 1493 699 1542 servus
712 1467 760 1542 577·
774 1469 852 1542 Hac
864 1470 1000 1542 ratione
1022 1493 1143 1542 omncs
1168 1470 1279 1543 homi-

199 1595 260 1644 nes
279 1573 325 1645 ad
342 1580 554 1669 potestatem
570 1573 704 1645 aditum
720 1572 860 1646 habent.
1016 1589 1018 1594 ’

299 1677 472 1749 Dominus
490 1677 600 1774 igitur
620 1676 827 1774 petitionem
845 1673 996 1748 filiorum
1008 1674 1181 1748 Zebedaei
1198 1682 1276 1749 tan-

199 1803 302 1876 quam
316 1803 478 1852 coronam
493 1781 531 1852 in
544 1781 659 1854 medio
673 1803 794 1853 eorum
808 1781 937 1880 posuit,
951 1803 1020 1875 qua
1032 1779 1062 1852 is
1076 1780 1187 1876 quiin
1200 1803 1275 1853 cer·

198 1883 326 1955 tamine
337 1885 533 1979 praecellit,
545 1891 781 1957 coronaretur.
793 1881 986 1978 Apostolus
1001 1907 1139 1980 quoque
1158 1884 1195 1955 in
1211 1885 1279 1958 hoo

195 1985 420 2058 fundamento
434 1988 593 2061 aedificat
620 1987 758 2060 dicens:
776 2008 791 2043 s
805 1986 1024 2060 Scrutabitur
1038 1988 1276 2062 cordavestra

198 2096 233 2160 et
247 2096 330 2162 tunc
343 2091 411 2163 erit
426 2091 540 2186 gloria
554 2093 678 2188 cuique
691 2096 847 2164 restrum
863 2091 956 2187 apud
971 2091 1087 2162 Deum
1097 2087 1145 2165 4η.
1158 2091 1276 2166 Etiam

196 2191 341 2266 Balaam
360 2195 404 2266 ad
422 2195 681 2268 vaticinantium
704 2193 836 2266 electus
851 2201 915 2288 est,
929 2193 992 2266 filii
1009 2193 1095 2266 Heli
1103 2194 1148 2266 ad
1163 2218 1277 2270 sacer·
1302 2221 1303 2228 ¹

198 2296 329 2368 dotium
349 2305 385 2369 et
400 2299 584 2373 Ieroboam
597 2298 642 2370 ad
655 2321 814 2394 regnum.
832 2297 935 2371 Ideo:
957 2298 1033 2370 ant
1046 2321 1112 2393 ego
1122 2299 1209 2396 ipse,
1228 2299 1278 2373 ait

197 2401 400 2496 Apostolus,
418 2406 589 2498 reprobus
607 2403 767 2475 inveniar
784 2400 829 2494 »4,
848 2403 941 2497 qnod
958 2403 1060 2496 dixit,
1074 2409 1114 2474 ut
1125 2403 1277 2498 doceret,

198 2527 234 2574 se
251 2527 390 2576 omnem
405 2505 613 2578 electionem
629 2505 692 2578 fati
707 2505 874 2602 superni⁶
889 2507 989 2601 parvi
1004 2507 1143 2600 ducere,
1158 2509 1279 2604 magni

201 2616 317 2680 autem
330 2610 446 2683 facere
459 2611 670 2685 libertatem.
686 2608 797 2706 Cujus
807 2609 859 2682 rei
869 2610 1055 2683 veritatem
1066 2616 1106 2681 ut
1119 2614 1208 2684 bene
1226 2613 1279 2684 in·

201 2711 355 2806 religas,
370 2713 471 2786 docet
484 2713 647 2810 amplius,
661 2711 754 2809 quod
768 2711 798 2784 si
812 2712 890 2808 quis
904 2712 1059 2810 loquitur
1071 2713 1203 2810 linguis
1217 2739 1278 2788 an-

199 2815 369 2911 gelorum,
380 2841 450 2890 non
462 2819 570 2891 habet
584 2817 788 2890 electionem
797 2816 987 2912 propriam,
999 2817 1061 2889 sed
1071 2817 1278 2890 electionem

198 2919 282 3014 Dei,
301 2920 362 3016 qui
380 2927 497 2994 autem
514 2921 734 3015 amat,habet
752 2918 959 2991 electionem
979 2920 1168 3016 propriam.
1184 2920 1278 3009 Qua·

200 3030 345 3120 propter
363 3025 515 3098 charitas
532 3026 591 3098 via
604 3030 659 3096 est
674 3023 785 3120 major
804 3029 839 3094 et
856 3023 1101 3119 praestantior,
1111 3047 1217 3119 qnam
1235 3048 1278 3098 ea

202 3151 290 3222 quae
308 3151 379 3200 non
393 3152 414 3200 a
427 3129 569 3226 proprio
584 3127 730 3201 arbitrio
748 3126 888 3223 pendet,
902 3126 1078 3220 nimirum,
1093 3127 1182 3200 scire
1192 3151 1275 3224 pro-

200 3231 353 3326 phetiam
365 3241 400 3304 et
413 3233 583 3329 mysteria
599 3255 640 3304 ac
656 3237 793 3304 montes
810 3231 1012 3304 mansferra
1030 3231 1105 3304 sEt
1120 3231 1150 3303 si
1159 3230 1278 3306 distri·

200 3337 307 3408 buero
325 3335 451 3430 omnia,
478 3359 568 3434 quae
588 3359 667 3409 mea
690 3340 781 3428 sunt,
798 3334 1011 3432 pauperibus
1024 3333 1052 3428 ⁷,
1079 3334 1278 3410 sicutAna·

200 3438 277 3510 nias
295 3446 331 3511 et
348 3441 424 3538 ejus
441 3465 543 3535 uxor,
561 3441 644 3536 quia
661 3437 698 3510 id
715 3461 786 3509 non
803 3461 849 3510 ex
869 3461 987 3510 amore
1006 3439 1176 3532 fecerunt,
1206 3461 1221 3498 a
1239 3447 1276 3514 et

197 3542 229 3614 si
244 3543 423 3616 tradidero
442 3568 568 3641 corpus
585 3568 702 3616 meum
720 3582 748 3636 n,
765 3548 805 3613 ut
821 3541 1008 3615 Isearictes
1026 3542 1119 3636 fecit,
1147 3544 1275 3638 quibus

197 3645 309 3740 docet,
328 3648 528 3742 electiones,
556 3647 743 3743 dequibus
762 3645 893 3717 dictum
915 3652 979 3738 est,
1009 3645 1083 3718 sine
1101 3645 1274 3721 charitate

196 3772 266 3823 non
291 3751 470 3848 prodesse,
506 3751 569 3826 sed
596 3751 706 3825 solam
725 3749 939 3823 electionem
967 3751 1150 3824 libertatis.
1188 3751 1274 3826 Ideo

278 3959 305 4015 1.
325 3956 424 4018 Marn-
439 3962 487 4035 24,
503 3963 550 4020 36.
644 4002 647 4011 ι

276 4038 304 4094 2.
324 4036 398 4096 Aer.
412 4040 469 4096 Ar.
486 4043 513 4113 1,
529 4044 556 4100 6.

273 4117 301 4172 3.
321 4115 481 4194 Mnrrr23,
497 4121 544 4179 11.

275 4195 303 4250 4.
324 4195 429 4256 IOon.
444 4201 471 4273 4,
486 4200 515 4257 5.

274 4272 302 4330 5.
321 4273 431 4336 IOoa
439 4280 467 4350 9,
481 4280 529 4336 27.
543 4277 580 4335 In
594 4281 723 4356 utroque
738 4277 842 4338 codice
856 4278 1044 4358 praecedens
1065 4275 1220 4342 “ideos'
1211 4275 1270 4353 lpsi

196 4349 265 4456 loco
276 4319 467 4428 Scripturas
460 4355 608 4432 jungitur.

273 4429 370 4490 6.Ad
384 4435 528 4496 verbnm:
546 4436 738 4497 “coactionis
752 4455 970 4513 superorum
944 4469 970 4501 n

274 4511 533 4588 7.100n.13,3
