3344 5200
738 706 971 784 CAPUT
1013 709 1152 785 XXI.

478 1027 531 1102 ln
569 1049 729 1100 manus
773 1031 880 1098 tuas
929 1025 1196 1100 commendo
1240 1027 1464 1124 spiritum

375 1149 531 1202 meum.
558 1129 691 1204 Divina
708 1130 785 1226 ejus
814 1135 944 1204 notura
973 1129 1164 1202 humanam
1194 1132 1467 1228 commendavit,

378 1255 459 1304 nam
478 1231 542 1306 illa
566 1233 657 1305 hano
683 1233 721 1304 in
746 1231 910 1328 passione
937 1230 1144 1304 deseruerat
1171 1240 1207 1304 et
1231 1232 1426 1328 reliquerat
1441 1236 1466 1308 Ι.

376 1333 461 1406 Non
486 1336 537 1408 ita
563 1337 607 1408 ab
633 1335 853 1408 humanitate
884 1333 1050 1406 discessit
1079 1334 1258 1429 divinitas,
1285 1342 1328 1406 ut
1352 1339 1398 1410 ab
1423 1361 1468 1410 ea

376 1433 656 1531 abscinderetur,
676 1438 794 1510 sedin
820 1437 953 1510 virtute
981 1437 1075 1509 sua²
1101 1440 1145 1511 ab
1172 1438 1287 1510 occiso
1315 1445 1352 1510 et
1376 1440 1467 1512 occi·

374 1541 515 1616 floribus
533 1539 739 1614 abscondita
760 1547 824 1612 est
852 1541 891 1614 Si
918 1540 1012 1612 enim
1038 1539 1207 1614 divinitas
1228 1541 1465 1638 apparuisset,

373 1640 405 1716 is
423 1645 484 1740 qui
502 1643 638 1716 occisus
664 1652 730 1737 est,
748 1665 820 1717 non
849 1643 1037 1734 timuisset,
1059 1650 1095 1716 et
1126 1643 1158 1715 si
1186 1645 1275 1717 haec
1304 1643 1466 1717 revelata

376 1754 482 1841 esset,
501 1746 674 1820 occisores
693 1769 774 1820 eum
792 1753 863 1817 non
876 1746 1076 1842 potuissent
1101 1745 1271 1819 occidere.
1292 1746 1465 1821 Attamen

375 1850 497 1924 divina
513 1856 641 1924 natura
669 1851 861 1923 humanam
891 1850 1117 1930 conservavit
1138 1856 1174 1920 et
1191 1849 1393 1944 custodivit,
1420 1873 1466 1924 ne

373 1954 518 2048 periret,
536 1977 647 2048 quum
662 1960 792 2025 natura
809 1951 1011 2025 custodiens
1031 1951 1099 2025 sibi
1117 1952 1257 2024 conscia
1278 1958 1314 2024 et
1335 1959 1466 2028 natura

374 2057 550 2128 custodita
565 2055 661 2126 haud
680 2055 748 2128 sibi
765 2054 905 2126 conscia
922 2051 1052 2126 esseti.
1063 2054 1195 2126 Postea
1206 2061 1326 2126 autem
1335 2054 1464 2130 divini-

374 2163 432 2228 tas
450 2179 487 2229 se
505 2157 746 2230 manifestavit
758 2156 931 2252 utrisque,
949 2156 1074 2250 occiso,
1085 2157 1250 2254 quianon
1268 2165 1345 2230 erat
1361 2157 1487 2232 relic·-

374 2264 433 2330 tus
448 2258 475 2350 ¹⁸,
494 2267 530 2332 et
547 2260 774 2353 occisoribus,
800 2258 883 2354 quia
910 2281 999 2356 opus
1030 2282 1133 2334 suurn
1165 2283 1238 2332 non
1266 2267 1465 2356 potuerunt

375 2361 558 2456 perlicere,
577 2362 766 2454 nimirum,
784 2360 987 2456 sepulcrum
1016 2361 1195 2435 custodire
1224 2368 1261 2434 et
1286 2369 1465 2438 mortuum

374 2462 413 2534 in
439 2487 481 2537 eo
517 2465 689 2538 detinere.
725 2463 1003 2538 Promissionem
1033 2487 1140 2538 suam
1175 2465 1351 2538 Dominus
1385 2466 1466 2564 ipso

371 2565 465 2654 facto
492 2567 701 2643 mortalibus
732 2567 965 2660 confirmavit,
989 2568 1181 2640 ostendens
1208 2575 1245 2640 et
1268 2591 1376 2665 opere
1403 2569 1465 2642 de-

372 2678 587 2765 monstrans,
612 2670 804 2756 humanam
831 2693 931 2743 suam
948 2675 1113 2744 naturam
1136 2671 1211 2766 pati
1233 2693 1350 2768 posse,
1380 2671 1466 2768 quia

277 2811 283 2819 ,
372 2773 560 2848 manifeste
592 2780 752 2846 mortuus
776 2779 842 2866 est,
868 2771 1045 2870 simulque
1063 2775 1297 2869 comprobans
1324 2773 1464 2869 eosqui

371 2877 503 2948 mortui
521 2883 614 2971 sunt,
633 2876 848 2950 reviviscere
874 2874 992 2972 posse.
1019 2875 1118 2948 Deus
1144 2875 1256 2970 igitur
1275 2875 1465 2950 resuscita-

370 2975 425 3049 vit
442 3001 523 3051 eum
542 2987 579 3052 et
595 2979 684 3052 fides
703 2980 779 3076 ejus
796 2979 835 3050 in
860 2977 1086 3051 audientibus
1114 2979 1321 3052 confirmata
1341 2985 1407 3074 est,
1425 2986 1462 3052 et

370 3078 534 3156 inimicus
565 3082 706 3178 culpam
728 3089 765 3154 et
794 3081 1122 3154 condemnationem
1154 3104 1255 3156 suam
1286 3081 1462 3176 cognovit,

369 3205 481 3277 quum
513 3184 566 3258 sol
598 3187 902 3277 obtenebraretur,
932 3183 1053 3256 velum
1079 3183 1206 3280 templi
1228 3185 1463 3279 scinderetur,

371 3287 536 3360 custodes
563 3289 764 3362 conturbati
790 3288 958 3381 fugerent
983 3293 1020 3358 et
1046 3285 1211 3384 sepulcra
1236 3287 1464 3386 aperirentur

372 3394 409 3459 et
426 3391 556 3462 mortui
574 3398 814 3486 resurgerent.
1414 3419 1419 3426 ·

475 3493 593 3566 Natus
624 3501 680 3566 est
704 3494 803 3566 Deus
833 3489 967 3565 homini
1009 3490 1150 3585 unitus,
1175 3515 1248 3565 non
1277 3492 1465 3567 nativitate

375 3614 549 3688 personae
572 3619 655 3668 suae
670 3596 705 3689 ⁶,
723 3596 785 3669 sed
816 3594 1003 3670 nativitate
1029 3601 1178 3670 naturae
1206 3595 1275 3670 sibi
1300 3596 1466 3692 conjunc·

382 3853 385 3860 ›
454 3823 479 3879 1.
500 3823 638 3900 Respicit
652 3845 675 3882 s.
692 3829 803 3884 auctor
816 3825 856 3884 ad
871 3828 985 3886 verba:
1003 3827 1114 3884 “Deus
1140 3844 1236 3901 meus,
1259 3827 1343 3906 Deus
1365 3843 1467 3902 meus,

371 3897 407 3954 nt
422 3899 494 3974 quid
509 3901 698 3979 dereliquisti
712 3919 760 3962 me
775 3933 802 3964 s.

451 3979 479 4034 2.
500 3979 550 4037 Ad
564 3983 710 4040 verbnm:
727 3997 810 4060 sper
834 3979 983 4040 virtutem
1012 3999 1137 4056 suams,
1150 3981 1171 4038 i·
1192 4000 1221 4042 e.
1242 3981 1344 4062 quoad
1363 3979 1466 4040 effica-

371 4055 497 4114 citatem
513 4058 636 4118 virtutis
652 4079 736 4120 suae.

451 4136 478 4191 3.
501 4135 550 4195 Sic
566 4155 606 4196 ex
621 4138 812 4198 correctione
828 4136 893 4196 nod.
904 4138 940 4195 B.
954 4135 1004 4196 Ad
1015 4137 1143 4196 verbum
1153 4137 1231 4198 haec
1246 4137 1402 4197 sententia
1416 4138 1461 4197 sic

369 4210 528 4272 redditur:
547 4230 666 4292 equum
681 4217 733 4275 illa
746 4215 924 4275 custodiens
948 4215 1050 4286 sciret,
1067 4219 1099 4274 et
1123 4216 1201 4276 haec
1226 4216 1380 4276 custodita
1399 4233 1463 4276 uon

371 4287 467 4348 sciret
479 4320 506 4354 s·
522 4292 551 4351 S.
566 4293 660 4353 Pater
673 4293 713 4353 ad
726 4311 839 4370 corpus
854 4293 968 4353 Christi
980 4295 1010 4352 in
1025 4294 1166 4370 sepulcro
1180 4294 1320 4374 respicit.

451 4370 490 4425 4.Ι
502 4368 627 4448 Scilicet
639 4375 671 4430 in
684 4371 836 4450 sepulcro.

453 4444 482 4504 5.
502 4447 528 4506 Ι.
546 4464 572 4507 e.
587 4467 648 4510 non
663 4469 723 4528 qua
736 4451 830 4529 Deus,
845 4450 876 4509 in
889 4451 1001 4512 natura
1015 4448 1128 4509 divina.
