3330 5200
1223 360 1298 436 135

194 488 293 600 sum,
307 489 516 600 uit‘pao'em
529 492 695 591 gentibus
713 533 729 569 n
747 491 771 567 ¹.
791 516 808 554 α
826 495 977 594 Perage,
991 494 1107 571 tribus
1120 491 1223 588 Iuda,
1241 495 1293 568 ie·
1325 459 1328 468 *

198 603 298 668 stim
323 597 561 672 anniversarii
587 598 669 672 tni²
687 637 716 692 s,
744 598 958 698 intempore
981 600 1076 673 enim
1099 599 1185 674 festi
1210 621 1294 695 azy-

198 719 338 771 morum
349 699 433 772 feeit
441 699 615 774 Dominus
626 697 769 796 signum
782 702 820 774 in
828 703 991 799 panibus.
1000 703 1183 804 Propheta
1191 701 1292 772 dicit:

201 803 589 896 annunciandum
607 804 843 878 anniversarii
861 806 953 900 tui„
973 805 1059 902 quia
1078 804 1224 879 advenit
1242 803 1259 875 f
1276 842 1293 858 -

198 897 295 976 stum
306 905 542 1008 anniversarii
555 907 678 980 nostri.
692 930 706 965 s
719 908 767 980 Et
776 909 906 1004 pertice
917 909 1042 980 foedns
1052 915 1164 1000 tuum,
1177 945 1193 980 n
1207 904 1294 1002 quia

198 1006 348 1079 advenit
362 1032 476 1103 agnus
490 1032 596 1083 verus
610 1018 647 1084 et
659 1016 763 1108 pacto
774 1011 923 1106 antiquo
935 1007 1152 1106 abrogataet
1161 1029 1298 1081 memo·-

202 1109 426 1184 raliaeorum
434 1120 780 1187 consummatasunt.
795 1135 813 1171 u
827 1111 920 1202 Quia
932 1136 1004 1187 non
1017 1111 1170 1209 amplius
1184 1110 1293 1182 addet

94 1231 98 1236 ·
201 1211 319 1286 facere
344 1213 570 1309 iniquitatem
588 1216 626 1290 in
642 1223 678 1288 te
697 1255 725 1290 n.
753 1215 871 1306 Quis?
893 1216 1059 1290 Potestas
1078 1237 1206 1310 regum
1230 1218 1293 1285 aut

202 1317 437 1389 sacerdotum.
454 1315 529 1390 Cur
541 1341 612 1391 non
625 1319 862 1408 addetiQuia
875 1319 1051 1392 Dominus
1063 1317 1190 1416 perdet
1203 1339 1292 1388 eam.

203 1437 220 1474 ‘⁴
236 1419 390 1494 Omnem
408 1426 621 1516 potestatem
638 1423 743 1518 regni
760 1431 797 1498 et
813 1423 1003 1496 sacerdotii
1024 1421 1143 1519 perdit
1156 1458 1188 1494 s.

310 1522 427 1610 Quum
445 1523 556 1618 igitur
573 1525 611 1596 in
629 1526 712 1598 navi
729 1526 896 1598 sederent
913 1534 950 1598 et
967 1532 1074 1600 vento
1100 1523 1138 1596 in
1159 1546 1203 1595 ca
1217 1519 1296 1616 agi-

203 1628 367 1698 tarentur
383 1633 422 1698 et
439 1648 537 1699 mare
554 1633 679 1700 contra
697 1651 757 1701 eos
775 1635 951 1700 commota
967 1629 1183 1721 insurgeret,
1196 1625 1298 1698 venit

206 1725 383 1800 Dominus
420 1727 545 1824 eisque
572 1729 757 1826 apparuit,
788 1729 859 1828 ipsi
890 1738 1008 1803 sutem
1046 1730 1297 1826 opinabantur,

205 1835 388 1924 spectrum
404 1853 496 1924 esse,
509 1832 604 1927 quod
624 1831 676 1904 eis
695 1832 872 1932 apparuit.
886 1831 995 1906 Certe
1010 1829 1105 1904 enim
1124 1830 1296 1918 sciebant,

207 1928 392 2005 Christum
409 1955 570 2030 corpore,
584 1935 679 2030 quod
697 1934 873 2030 grauitate
892 1934 1116 2032 deprimitur,
1131 1933 1297 2004 indutum

204 2054 285 2106 esse
311 2035 461 2132 ideoque
487 2037 656 2132 cogitatio
675 2061 736 2111 eos
752 2037 875 2130 subiit,
898 2057 1007 2134 grave
1034 2059 1163 2132 eorpus
1189 2057 1298 2130 super

206 2158 318 2232 squas
343 2139 525 2213 ambulare
544 2163 616 2214 non
641 2163 758 2238 posse.
775 2141 896 2229 Quum
912 2141 980 2214 hoc
1005 2140 1056 2214 ita
1073 2162 1112 2211 se
1138 2137 1300 2230 baberet,

206 2261 277 2312 non
294 2239 539 2336 imprudenter
557 2245 827 2341 obstupuerunt
842 2245 895 2317 At
910 2245 943 2317 si
958 2245 1079 2335 Jesus,
1093 2248 1134 2315 ut
1146 2248 1187 2314 tu
1200 2237 1299 2311 Mar-

205 2342 286 2414 cion
303 2343 403 2435 diois,
421 2367 569 2441 corpore
586 2370 658 2420 non
677 2353 754 2420 erat
771 2346 929 2440 indutus,
946 2349 1120 2421 absonum
1137 2349 1216 2416 crat
1233 2341 1299 2414 mi·

207 2446 291 2540 rari,
311 2448 406 2542 quod
432 2471 540 2546 super
558 2471 668 2545 aquas
686 2449 900 2543 ambulavit3
920 2448 1062 2546 spiritui
1085 2445 1181 2518 enim
1208 2443 1301 2516 diffi-

207 2547 274 2620 cile
301 2572 374 2622 non
400 2557 465 2644 est,
484 2573 592 2648 super
618 2575 716 2625 mare
742 2552 937 2626 ambulare.
966 2551 1040 2624 Cur
1066 2571 1153 2644 ergo
1179 2545 1300 2622 mirati

209 2652 323 2723 sunt?
342 2652 381 2726 si
399 2675 478 2724 eum
499 2654 748 2750 incorporeum
765 2661 953 2747 noverunt,
972 2652 1219 2750 imprudenter
1238 2647 1300 2721 ad·

207 2755 327 2828 mirati
351 2763 437 2827 sunt
455 2763 491 2830 et
504 2756 626 2850 ,stulte
654 2751 1077 2852 exsacramentum
1104 2751 1300 2848 corporalis

206 2865 296 2952 erat,
323 2857 419 2930 recte
447 2861 717 2957 obstupuerunt,
742 2859 828 2955 quia
853 2883 930 2933 rem
964 2881 1093 2932 novam
1118 2856 1300 2946 viderunt,
1368 2863 1373 2872 '

207 2961 386 3055 videlicet,
403 2985 613 3058 corporeum
639 2985 747 3058 super
772 2961 887 3036 undas
914 2962 1022 3036 maris
1044 2958 1299 3054 ambulantem,

205 3063 293 3159 quin
320 3067 621 3160 submergeretur.
647 3065 687 3138 si
705 3064 886 3158 objiciunt,
903 3066 988 3162 quia
1012 3087 1086 3137 nox
1108 3069 1196 3155 erat,
1215 3084 1298 3133 eum

206 3189 381 3262 apparere
398 3190 470 3239 non
496 3169 666 3264 potuisse,
685 3169 953 3264 respondemus,
970 3168 1037 3240 hoo
1055 3165 1200 3239 Christo
1227 3164 1299 3260 spi-

209 3268 331 3341 rituali
349 3269 492 3342 difficile
510 3293 582 3344 non
598 3269 719 3363 fuisse,
736 3269 810 3365 qui,
828 3269 968 3366 quando
981 3269 1106 3362 voluit,
1124 3269 1161 3338 in
1179 3273 1299 3338 monte

208 3377 257 3443 ut'
276 3373 329 3444 soi
356 3373 532 3470 apparuit.
568 3375 616 3448 nt
642 3373 726 3468 quia
750 3373 828 3468 ipse
855 3373 1029 3445 Dominus
1057 3370 1176 3463 scivit,
1203 3367 1298 3464 quod

209 3482 304 3549 recte
320 3478 594 3572 obstupuerunt,
612 3477 769 3572 animum
788 3499 910 3548 eorum
928 3474 1140 3549 confortavit
1157 3472 1300 3545 dicens:

210 3579 305 3673 Ego
332 3603 439 3673 sum,
467 3579 621 3652 nolite
648 3577 831 3672 timere,
857 3578 880 3651 i.
900 3576 1194 3675 s.egosumille
1222 3573 1298 3647 cor-

210 3681 355 3777 poralis,
373 3706 479 3778 quem
499 3706 563 3755 vos
582 3681 804 3778 cognoscitis.

312 3783 436 3857 Simon
468 3793 589 3858 eutem
623 3783 852 3879 intelligens,
879 3807 961 3858 eum
988 3784 1033 3856 de
1059 3805 1206 3879 corpore
1234 3803 1300 3854 suo

209 3883 368 3960 dixisse:
389 3910 406 3945 α
422 3887 502 3984 Ego
521 3911 600 3961 sum
618 3927 647 3982 n,
666 3887 850 3985 respondit
867 3895 904 3958 et
920 3887 1033 3959 dixit:
1064 3886 1132 3959 “Si
1149 3885 1217 3956 hoc
1242 3907 1300 3958 re-

207 3991 301 4061 uera
315 3990 367 4063 ita
393 3989 586 4086 est-ctiam
615 4013 681 4104 ego
709 4013 815 4064 carne
841 3990 994 4064 vestitus
1021 3988 1139 4064 sum⁵.
1167 3987 1207 4062 Si
1233 4008 1311 4081 ego·

258 4209 261 4216 ·
288 4209 315 4266 r.
338 4209 473 4284 zicus,
491 4212 537 4270 ιο.

289 4289 318 4344 2.
338 4288 444 4364 Pergit
457 4289 623 4366 explicere.
638 4286 717 4346 Nus·
734 4291 761 4359 1,
774 4289 821 4348 15.

286 4368 314 4422 3.
334 4364 604 4426 Constructionem
627 4367 719 4445 hujus
743 4369 775 4424 et
796 4361 952 4442 sequentis
984 4359 1154 4422 sententiae
1179 4359 1299 4420 mutare

209 4442 305 4518 uolui,
319 4444 471 4522 quieioco
486 4446 585 4507 birra·
600 4448 629 4523 8,
643 4447 661 4505 9
676 4444 784 4506 similis
800 4449 858 4526 est.
