3268 5220
360 331 406 405 42

360 465 559 536 mentorum
574 468 650 565 ejus
662 465 672 512 ⁴
682 504 710 561 a,
729 467 904 544 Dominus
919 474 1040 544 noster
1055 469 1219 543 dextram
1233 460 1309 570 ejus
1324 491 1445 566 sump-

363 563 410 636 sit
436 573 472 638 et
500 591 607 668 super
643 580 750 668 caput
784 597 888 647 suum
922 573 1050 670 posuit.
1088 575 1199 648 Sine
1230 574 1370 670 modo,
1396 580 1446 645 ut

362 666 643 766 impleamus
679 699 852 750 omnem
881 677 1140 774 justitiam,
1175 679 1259 774 qnia
1292 679 1446 752 Ioannes

362 775 467 866 quasi
493 778 697 852 calcaneum
735 780 826 876 legis
865 781 942 878 (lex
969 787 1004 854 et
1029 781 1230 878 Prophetae
1260 806 1374 878 usque
1401 780 1448 852 ad

361 874 533 950 Ioannem
547 882 578 976 2)
593 881 758 957 Christus
777 891 896 958 autem
912 885 1053 958 initium
1067 893 1121 958 est
1134 886 1218 959 novi
1234 885 1447 960 testamenti.

365 977 530 1056 Christus
545 986 665 1083 itaque
682 1011 747 1084 per
764 989 981 1085 baptismum
1000 989 1177 1085 justitiam
1191 989 1323 1064 veteris
1340 995 1449 1061 testa·

362 1084 474 1155 menti
492 1085 618 1185 induit,
632 1097 672 1163 ut
684 1091 877 1188 perfectam
890 1093 1091 1164 unctionem
1109 1094 1284 1191 acciperet
1300 1115 1448 1188 eamque

364 1185 508 1282 plenam
527 1199 562 1266 et
578 1194 756 1290 integram
773 1196 956 1293 discipulis
976 1197 1049 1270 suis
1067 1198 1243 1292 traderet3
1262 1222 1345 1270 nam
1362 1199 1449 1293 bap·

363 1289 508 1365 tismum
524 1297 669 1372 Ioannis
688 1323 840 1373 unacum
861 1300 943 1395 lege
956 1301 1001 1373 ad
1023 1301 1129 1372 finem
1147 1302 1326 1398 perduxit.
1346 1299 1450 1374 Chri-

366 1399 443 1466 stus
461 1397 662 1496 baptizatus
681 1405 791 1477 estin
810 1403 962 1500 justitia,
990 1405 1075 1500 quia
1101 1405 1177 1477 sine
1198 1411 1342 1502 peccato
1361 1409 1449 1497 erat,

364 1497 427 1568 sed
445 1499 522 1596 ipse
541 1507 736 1603 baptizavit
749 1507 786 1580 in
800 1508 927 1602 gratia,
946 1509 1030 1604 qnia
1047 1508 1176 1604 reliqui
1192 1509 1352 1581 homines
1369 1530 1450 1605 peo-

365 1607 501 1683 caiOres
520 1618 630 1684 erant.
648 1611 785 1707 Legem
807 1613 993 1708 abrogavit
1017 1613 1158 1710 justitia
1176 1636 1241 1687 sua
1268 1619 1304 1685 et
1319 1611 1454 1710 baptis-

367 1727 464 1778 mum
482 1712 695 1810 baptismate
714 1739 777 1788 suo
796 1715 960 1792 abolevit.
1437 1737 1439 1740 ·

467 1814 599 1890 Porro:
617 1819 862 1918 “impleamus
876 1844 1015 1893 omnem
1023 1819 1200 1916 justitiam
1214 1861 1243 1916 a,
1257 1821 1453 1917 quianan-

368 1935 433 1986 nes
441 1917 576 2014 janitor
591 1931 669 1996 1111
681 1925 796 2020 ovilis,
810 1924 848 1996 111
862 1947 931 2020 quo
946 1948 1037 2019 grex
1048 1925 1296 1998 Israelitarum
1307 1948 1455 2020 congre-

369 2029 474 2110 gatus
493 2033 529 2098 et
545 2026 713 2100 collectus
732 2035 818 2102 erat.
832 2028 987 2112 Intravit
1003 2027 1114 2122 igitur
1127 2029 1302 2102 Dominus
1319 2030 1358 2101 in
1375 2047 1464 2123 gre-¹

368 2143 461 2221 gem,
475 2153 547 2202 non
559 2129 606 2224 vi,
625 2131 688 2204 sed
699 2131 850 2228 justitia.
864 2133 912 2204 Et
925 2132 1079 2228 Spiritus
1098 2140 1252 2227 sanctus,
1271 2133 1333 2229 qui
1347 2156 1456 2230 super

368 2246 460 2327 eum,
479 2256 588 2328 quum
600 2236 1016 2334 baptizaretur,quievit,
1029 2242 1180 2309 testatus
1195 2244 1260 2332 est,
1279 2261 1360 2310 eum
1377 2259 1457 2310 esse

366 2339 566 2432 pastorem3
593 2363 658 2436 per
675 2341 846 2412 Ioannem
864 2341 958 2413 enim
975 2340 1219 2436 propheticam
1237 2348 1273 2414 et
1291 2341 1455 2414 sacerdo-

369 2435 479 2512 talem
505 2441 743 2537 113111111111115
762 2444 907 2542 accepit.
933 2443 1086 2540 Regiam
1105 2443 1315 2540 dignitatem
1332 2445 1457 2518 domus

371 2544 490 2618 David
506 2570 571 2643 per
588 2547 810 2630 nativitatem
829 2555 1025 2646 acceperat,
1051 2547 1136 2643 quia
1153 2572 1199 2622 ex
1217 2549 1319 2622 domo
1340 2548 1458 2624 David

372 2655 471 2721 ortus
487 2658 574 2746 1111,
593 2652 827 2724 sacerdotium
839 2675 925 2725 vero
944 2651 1068 2724 domus
1082 2651 1173 2725 Levi
1189 2676 1254 2750 per
1268 2653 1459 2726 secundam

372 2753 595 2828 nativitatem
621 2757 659 2828 in
684 2757 860 2854 baptismo
878 2755 943 2828 filii
959 2757 1124 2828 Aaronis.
1152 2756 1223 2845 Qui
1239 2757 1316 2854 jam
1334 2757 1458 2850 011111,

374 2860 563 2933 secundam
590 2860 812 2934 nativitatem
839 2860 872 2933 ei
897 2860 1006 2933 fuisse
1032 2859 1203 2955 interra,
1238 2885 1283 2934 ne
1311 2861 1460 2956 dubitet,

376 2988 457 3036 eum
482 2987 547 3062 per
573 2964 806 3061 posteriorem
836 2964 929 3036 hane
962 2963 1185 3038 nativitatem
1211 2964 1249 3037 in
1283 2965 1460 3062 baptismo
1502 2970 1505 2975 '
1622 3005 1623 3012 1

355 3067 519 3144 loannis
538 3069 715 3164 accepisse
735 3068 970 3140 sacerdotium
988 3067 1132 3140 Ioannis
1143 3067 1169 3140 't
1188 3067 1307 3156 Quum
1323 3069 1385 3142 illo
1404 3067 1461 3140 die

376 3171 482 3244 multi
497 3173 776 3269 baptizarentur,
796 3171 951 3267 Spiritus
970 3195 1078 3268 super
1096 3196 1207 3245 unum
1225 3173 1408 3246 descendit
1425 3179 1462 3244 et

376 3275 523 3371 quievit,
541 3281 592 3370 nt,
610 3275 672 3372 qui
696 3275 776 3349 visu
794 3299 817 3346 a
834 3277 960 3350 ceteris
978 3299 1050 3348 non
1072 3275 1370 3371 distinguebatur,
1396 3277 1463 3349 hoc

377 3381 480 3474 signo
507 3382 550 3454 ab
577 3380 740 3452 omnibus
766 3379 1037 3452 discerneretur.
1064 3378 1113 3451 Et
1130 3381 1214 3476 quia
1230 3381 1267 3452 in
1285 3381 1462 3478 baptismo

377 3484 454 3578 ejus
481 3482 635 3581 Spiritus
663 3482 905 3578 descenderat,
939 3482 1019 3555 ideo
1044 3505 1110 3579 per
1136 3480 1351 3581 baptismum
1382 3485 1460 3580 ejus

378 3587 532 3684 Spiritus
547 3589 708 3662 dabatur.
723 3585 894 3660 Statim
913 3586 1127 3684 Spiritus
1147 3596 1341 3661 sanctus
1360 3589 1462 3660 edu-

381 3693 455 3764 xit
482 3717 580 3766 eum
606 3693 653 3764 in
678 3692 930 3786 desertum,
957 3697 1006 3763 ut
1031 3697 1308 3766 tentaretur
1330 3715 1352 3764 a
1372 3691 1463 3764 dia·
1582 3665 1623 3776 ‚³

377 3795 484 3870 bolo
519 3795 654 3895 (11111111.
680 3799 714 3892 4,
744 3795 856 3891 1-11).
888 3795 1007 3884 Quare
1033 3819 1146 3891 usque
1173 3797 1219 3870 ad
1244 3795 1462 3872 tricesimum

459 4067 486 4124 1.
506 4063 605 4122 Mane.
622 4065 649 4136 1,
666 4066 682 4123 7
696 4083 703 4136 3
717 4062 791 4122 Luc.
807 4063 835 4137 3,
850 4063 897 4120 16.
911 4057 990 4142 (101.
1007 4062 1035 4134 1,
1047 4056 1111 4144 27)

459 4145 489 4203 2.
508 4143 584 4202 Luc.
607 4145 715 4217 16,t16.

460 4227 489 4281 3.
509 4224 559 4282 Ita
572 4221 603 4278 in
616 4221 683 4280 cod.
697 4225 733 4280 B.
749 4219 824 4278 (iod.
840 4217 868 4276 A
882 4217 959 4278 falso
976 4217 1077 4278 addit:
1092 4217 1131 4276 ut
1145 4218 1262 4295 regiam
1276 4215 1466 4294 dignitatem.

460 4306 489 4362 4.
509 4303 623 4363 Sensus
638 4299 860 4360 essevidetur:
877 4297 936 4366 Qui
950 4299 1050 4374 majus
1065 4297 1173 4368 credit,
1191 4297 1298 4357 credat
1312 4300 1343 4356 et
1357 4297 1465 4354 minus.

384 4387 442 4455 Qui
457 4381 562 4457 eredit,
576 4380 731 4440 Christum
753 4381 812 4454 per
828 4375 1012 4453 baptismum
1033 4376 1199 4435 secundam
1211 4375 1403 4448 nativitatem
1417 4393 1468 4436 ao-

384 4459 513 4546 oepisse,
529 4461 634 4522 eredat
650 4459 751 4537 etiam,
766 4473 834 4516 eum
849 4475 867 4516 1
880 4456 996 4517 Ioanne
1011 4454 1213 4534 sacerdotium
1227 4454 1393 4534 accepisse.
1432 4475 1435 4482 ³
