3330 5200
1195 381 1197 388 ’
1218 385 1285 458 131

198 498 430 584 ‹luxerunt'et
441 497 786 584 terruannorum.
803 507 888 582 Zelo
907 509 1003 582 enim
1021 533 1107 606 erga
1125 519 1286 610 posteros

196 613 400 686 abrahama
430 613 640 686 inflammati
656 619 770 707 erant,
783 613 962 686 dicentes:
990 613 1089 687 Deus
1116 616 1180 690 hos
1199 643 1286 714 praa

195 716 357 790 omnibus
375 717 542 812 gentibus
561 717 757 790 honoravit.
776 717 894 805 Quum
920 716 1031 810 igitur
1053 719 1227 794 Dominus
1246 724 1285 798 in

193 816 378 893 Nazareth
402 819 624 916 loqueretur,
652 819 721 894 duo
760 817 952 915 exempla¹
981 822 1175 917 proposuit,
1191 849 1283 920 quaa

192 917 389 994 discrimen·
412 923 506 994 inter
524 921 696 1018 populum
715 929 751 993 et
769 930 894 1017 gentes
922 923 1123 995 ostendunt.
1151 925 1283 1000 Simili·

192 1026 248 1095 ter
274 1047 340 1121 per
364 1024 550 1122 templum,
572 1024 621 1096 de
643 1047 712 1120 quo
739 1025 961 1120 loquebatur,
989 1023 1086 1098 aliud
1111 1027 1285 1124 templum

188 1127 548 1221 ostenditnimirum
565 1149 693 1224 corpus
722 1151 836 1219 suum,
854 1134 890 1198 et
918 1148 981 1221 per
999 1150 1104 1222 agros
1131 1153 1284 1203 messem

189 1226 376 1303 hominum
393 1230 604 1324 monstrarit
621 1231 659 1324 in
676 1228 845 1304 Samaria.
873 1227 985 1300 Totus
1010 1229 1104 1302 enim
1130 1234 1284 1330 populus

189 1333 407 1428 prophetae,
435 1333 479 1409 de
506 1355 575 1428 quo
601 1331 769 1406 Christus
796 1330 899 1426 dixit,
926 1340 1098 1428 cognatus
1125 1343 1162 1407 et
1187 1337 1284 1412 natio

193 1433 273 1528 ejus
299 1435 457 1509 fraterna
482 1435 549 1508 fuit
562 1433 588 1506 ³.

295 1537 496 1614 Honoravit
521 1537 776 1612 Centurionem
803 1543 839 1608 et
865 1537 909 1612 de
936 1559 978 1608 eo
997 1537 1200 1616 admiratus
1218 1549 1283 1637 est,

187 1637 378 1716 honorarit
403 1640 721 1737 syrophoenissam
740 1645 776 1710 et
798 1639 842 1712 de
861 1663 903 1712 ea
929 1639 1121 1735 obstupuit.
1149 1643 1283 1728 Centu-

189 1741 327 1816 rionem
353 1743 541 1817 honorarit
567 1749 607 1816 ut
632 1743 806 1835 Naaman,
833 1747 869 1814 at
896 1741 1216 1838 syrophoenissam
1242 1757 1283 1822 ut

190 1841 336 1919 viduam
363 1847 547 1943 Sareptae.
566 1845 665 1926 Elias
682 1844 774 1939 fugit
792 1845 837 1917 ad
864 1851 1002 1939 gentes,
1020 1845 1082 1918 sed
1108 1847 1283 1922 Dominus

191 1949 384 2044 prohibuit,
401 1972 447 2026 ne
467 1949 522 2025 sui
539 1947 705 2046 discipuli
720 1955 846 2042 gentes
875 1947 1083 2020 salutarent.
1109 1949 1157 2022 Et
1175 1951 1282 2046 Syro·

191 2051 419 2146 phoenissam
440 2053 615 2126 Dominus
641 2073 768 2133 severe
796 2051 948 2148 excepit,
968 2073 1037 2146 quo
1064 2053 1220 2126 ostendit
1247 2063 1283 2127 et

159 2225 161 2234 ,
192 2153 322 2248 docuit,
341 2157 560 2228 sanationem
574 2160 698 2250 postea
715 2153 760 2226 ad
779 2159 904 2248 gentes
918 2162 1182 2250 perventuram·
1192 2179 1281 2231 essa.

191 2253 306 2330 Porro
323 2259 497 2356 permisit,
517 2265 558 2330 ut
574 2257 691 2354 ipsum
717 2257 1006 2353 praecipitarent,
1026 2257 1110 2353 quia
1130 2259 1281 2333 Satanas

191 2359 422 2454 existimavit,
439 2359 632 2434 Dominum
650 2381 696 2430 ex
723 2357 848 2432 timore
872 2359 915 2432 de
942 2358 1131 2456 pinnaculo
1157 2363 1284 2460 templi

193 2485 232 2536 se
249 2487 323 2536 non
339 2463 478 2538 misisse
497 2459 673 2536 deorsum.
692 2459 810 2550 Quum
828 2469 948 2534 autem
970 2461 1144 2536 Dominus
1163 2465 1282 2537 detru-

192 2589 253 2638 sus
274 2590 346 2639 non
372 2565 567 2659 cecidisset,
586 2565 735 2639 Satanas
754 2565 798 2636 de
825 2585 889 2637 suo
917 2565 1119 2661 principatu
1145 2568 1282 2641 cecidit.

192 2669 365 2744 Similiter
383 2667 539 2766 lapidein
565 2690 637 2740 non
658 2667 742 2740 fecit
759 2690 900 2764 panem,
918 2689 973 2762 ne⁴
990 2667 1207 2742 desiderium
1233 2672 1250 2743 f
1269 2707 1287 2726 ·-

192 2780 290 2845 oeret
308 2773 514 2869 peccatoris.
533 2768 672 2846 Similia
690 2769 784 2842 enim
802 2769 840 2842 in
861 2769 1003 2842 deserto
1020 2771 1105 2844 fecit
1121 2772 1159 2845 in
1177 2797 1285 2868 pane,

193 2881 229 2947 et
248 2874 367 2950 Canae
384 2876 422 2948 in
440 2870 602 2949 Galilaea
618 2874 656 2947 in
671 2873 762 2946 vino.
1247 2925 1249 2932 .

192 3019 196 3022 ·
296 2981 406 3064 ane
437 2977 774 3074 afferricaput
800 2975 998 3048 Ioannis
1028 2976 1282 3071 Baptistae

115 3115 124 3121 -
194 3081 448 3178 (11111118).
466 3079 499 3155 0
517 3077 693 3172 Herodes,
710 3077 796 3174 quid
814 3078 922 3151 lacis?
949 3079 1006 3152 Ne
1024 3080 1087 3152 des
1106 3087 1213 3176 caput
1225 3083 1282 3178 ju-

195 3192 288 3257 stum
300 3183 444 3258 costae⁵
463 3181 660 3280 peccatrici.
689 3182 761 3254 Sed
775 3181 836 3277 qui
852 3181 1031 3254 Adamum
1047 3183 1133 3256 vicit
1148 3205 1213 3280 per
1227 3187 1283 3257 co-

195 3297 461 3384 stam,quacum
475 3286 639 3383 conjugio
652 3282 839 3382 copulatus
854 3292 941 3377 erat,
956 3285 1043 3386 picit
1055 3293 1091 3358 et
1103 3287 1284 3360 Herodem

194 3407 259 3488 per
272 3398 414 3488 costam·
424 3389 588 3488 conjugio
607 3389 641 3461 ei
658 3386 869 3484 copulatam.
888 3389 979 3460 Ecce
995 3397 1110 3485 capnt,
1125 3389 1219 3485 quod
1235 3391 1284 3464 'sia

196 3501 255 3566 cut
267 3486 415 3568 lucerna
424 3517 532 3592 super
541 3492 680 3564 discum
688 3491 843 3588 positum
854 3499 942 3586 erat,
952 3491 991 3564 in
1003 3493 1126 3566 omnes
1135 3517 1285 3590 genera·¹

195 3735 198 3740 ¹
249 3739 251 3743 ,
275 3667 302 3724 1.
322 3663 472 3722 Nimirum
496 3664 527 3722 in
544 3664 719 3724 'Nazarenis
743 3665 917 3742 exemplum
942 3665 1145 3735 Indaeorum,
1171 3665 1283 3743 quibus

195 3743 420 3825 propheta'non
434 3745 502 3805 erat
514 3743 671 3818 acceptus,
687 3745 719 3800 at
732 3743 763 3802 in
776 3741 869 3802 vidua
888 3745 1038 3821 Sareptaa
1051 3749 1083 3802 et
1101 3745 1131 3802 in
1145 3741 1284 3804 Naaman

194 3821 332 3885 ostendit
343 3822 517 3898 exemplum
528 3821 696 3896 gentilium,
707 3821 759 3898 qui
772 3823 952 3898 prophetam
963 3828 1163 3899 exceperunt.
1177 3825 1214 3881 In
1223 3825 1284 3883 Na·

195 3902 314 3962 aaronis
328 3915 404 3974 argo
418 3900 565 3960 Dominus
579 3899 671 3958 simul
683 3899 867 3974 significavit
887 3901 1021 3960 Iudaeos
1035 3903 1065 3958 et
1079 3901 1110 3959 in
1123 3901 1217 3960 vidua
1231 3903 1284 3960 Sa·

194 3986 300 4057 reptas
314 3983 346 4037 et
358 3977 539 4038 inNaaman
561 3977 702 4052 gentiles,
716 3979 796 4036 sicut
809 3980 840 4036 in
860 3979 974 4055 templo
990 3981 1086 4051 (losa.
1095 3982 1124 4050 2,
1148 3982 1196 4052 19)
1218 3997 1284 4044 core

193 4075 365 4136 passuum,
380 4057 454 4114 etin
468 4055 551 4132 agris
565 4055 642 4130 albis
669 4073 801 4117 messam
820 4056 975 4136 hominum
986 4057 1084 4136 (loun.
1097 4060 1125 4132 4,
1136 4059 1198 4130 35).
1277 4055 1280 4068 ¹

194 4152 199 4179 ¹
269 4129 407 4196 {Haec
422 4134 518 4194 verba
532 4133 872 4210 cum'praecedentibus
892 4133 940 4214 ¹ita
964 4137 1148 4194 cohaerent:
1162 4137 1199 4194 In
1223 4135 1285 4194 Na·

191 4216 310 4288 tarenis
325 4213 467 4272 Christus
482 4213 655 4288 exemplum
669 4213 854 4278 Iudaeorum
877 4214 1048 4292 proposuit,
1063 4213 1135 4290 quia
1152 4211 1214 4274 non
1234 4231 1283 4272 εο-Ι

194 4291 265 4366 lum¹
277 4291 440 4370 Nazareni,
455 4290 510 4373 sed
530 4305 635 4370 omnes
658 4290 767 4352 Iudaei
789 4293 959 4368 prophetae
973 4290 1127 4370 in'patria
1151 4307 1212 4352 non
1232 4309 1283 4352 ac·⁵

193 4373 284 4450 cepto
302 4369 614 4436 ,conterraneicrant
1152 4371 1155 4376 “
1215 4374 1247 4412 '2
1278 4372 1282 4396 ³

196 4462 199 4470 ’·
262 4447 813 4510 arcaniora···*··---··»
849 4475 866 4501 ν.
944 4475 950 4484 -
1033 4475 1072 4483 -·
