3268 5220
467 455 923 654 nvluonnn
1164 653 1170 668 ὓ

158 734 764 846 CONCORDANTIS
807 735 1227 847 Exroslrlo

684 995 713 1054 A

262 1165 604 1250 SANOTO
639 1165 1129 1250 EPHRAEMO

539 1382 713 1426 ΜθΤΦΙΒ
728 1378 844 1426 ΕΥΙΝ

482 1570 913 1626 ELUOUBRA'PA.

623 1715 775 1727 ——nu-

552 1957 784 2033 CAPUT
822 1961 851 2032 Ι.

254 2273 372 2362 Quare
399 2272 572 2345 Dominus
598 2279 719 2345 noster
745 2295 887 2347 carnem
913 2273 1058 2348 induit?
1081 2277 1132 2351 Ut
1158 2276 1238 2374 ipsa

155 2403 232 2453 caro
251 2373 419 2451 victoriae
438 2376 567 2474 gaudia
592 2383 763 2472 gustaret,
786 2385 822 2450 et
851 2378 943 2450 dona
959 2380 1094 2474 gratiae
1113 2381 1236 2478 explo-

153 2492 226 2557 rata
253 2489 288 2554 et
313 2483 455 2578 cognita
478 2482 634 2556 haberet.
663 2479 702 2552 Si
727 2480 825 2555 Deus
850 2483 926 2554 sine
953 2505 1057 2556 carne
1081 2484 1236 2582 vicisset,

153 2612 239 2684 quae
258 2587 291 2658 ei
308 2587 548 2660 tribuerentur
565 2583 716 2656 laudes?
730 2585 901 2680 Secundo,
915 2591 955 2658 ut
967 2586 1139 2662 Dominus
1153 2613 1234 2664 nos-

155 2698 204 2765 ter
221 2691 448 2763 manifestum
464 2691 606 2784 faceret²
632 2711 670 2760 se
688 2688 788 2760 initio
807 2689 994 2762 creationis
1013 2715 1236 2789 nequaquam

156 2818 198 2868 ex
224 2795 360 2868 invidia
383 2794 616 2891 prohibuisse,
643 2793 830 2888 quominus
858 2794 963 2866 homo
989 2793 1090 2867 fieret
1114 2795 1233 2892 Deus,

154 2901 233 2994 quia
250 2899 363 2995 majus
382 2904 447 2992 est,
464 2898 557 2994 quod
575 2897 747 2969 Dominus
765 2904 886 2969 noster
906 2895 944 2968 in
961 2897 1102 2970 homine
1119 2899 1234 2972 humi-

154 3001 314 3096 h'abatur,
341 3025 446 3098 quam
473 3001 565 3098 quod
592 3001 629 3073 in
655 3022 707 3094 eo,
734 3000 818 3072 dum
837 3023 986 3095 magnus
1005 3007 1041 3073 et
1058 3002 1234 3098 gloriosus

153 3115 236 3202 erat,
253 3107 436 3181 habitabat
448 3104 474 3177 ².
493 3105 587 3178 Hinc
603 3103 715 3177 illud:
746 3104 856 3202 “Ego
880 3103 977 3176 dixi:
995 3103 1056 3178 Dii
1075 3105 1160 3180 estis
1173 3105 1189 3152 ⁵
1203 3147 1231 3183 a.

226 3331 254 3386 1.
276 3327 402 3386 Armeni
423 3325 637 3402 cognominant
658 3326 688 3386 S·
700 3325 904 3402 Ephraemum
923 3327 990 3399 fimf
1002 3324 1074 3401 otor,
1088 3326 1232 3402 vellana.

153 3408 231 3483 clari,
243 3407 294 3466 rel
306 3410 410 3480 {suffla
423 3409 523 3480 chorin,
537 3406 587 3466 vel
599 3409 686 3479 Ινιιιμ
699 3407 773 3480 chor,
795 3404 876 3480 quod
894 3407 943 3462 est
961 3405 1119 3482 Syriacum
1139 3410 1232 3478 θοήο,

153 3484 170 3541 i.
184 3502 209 3544 e.
230 3487 340 3545 lector.
360 3487 523 3544 Lectorem
543 3489 645 3545 autem
665 3485 696 3541 in
716 3483 774 3542 hoc
788 3484 877 3542 titulo
892 3501 985 3542 sensu
998 3483 1101 3544 latiori
1113 3502 1233 3544 sumen·

153 3561 218 3623 dum
239 3584 308 3624 esse
330 3569 361 3624 et
381 3565 651 3624 commentatorem
679 3563 730 3621 rel
748 3562 913 3622 Ductorem
935 3562 1118 3638 significare,
1146 3567 1233 3624 reete

153 3641 180 3700 in
198 3645 317 3705 Lexico
337 3645 372 3702 P.
395 3645 492 3702 Emm.
517 3642 664 3702 Diakoiak
681 3641 795 3701 dictum
818 3645 876 3699 est.
896 3641 965 3717 Syri
986 3641 1014 3700 S.
1029 3642 1234 3718 Ephrsemum

154 3720 314 3783 Ductorem
329 3723 544 3799 cognominare
559 3722 669 3781 solent.
682 3720 850 3780 Annctatic
860 3719 942 3778 infra
953 3718 1048 3779 lineas
1059 3722 1164 3799 textus
1177 3723 1232 3780 im·

153 3803 246 3876 pressi
259 3803 289 3861 h.
303 3803 324 3860 l.
337 3803 438 3878 posita
450 3801 494 3858 ita
507 3805 614 3861 sonat:
632 3799 694 3858 “In
711 3799 861 3876 principio
875 3795 989 3859 codicis
1004 3819 1231 3878 nonnumquam

154 3880 301 3940 vocabula
315 3879 417 3940 deleta
430 3881 510 3952 sunt,
532 3885 566 3938 ut
579 3884 692 3956 puncta
709 3879 892 3938 intermedie
914 3878 1088 3937 ostendunt.
1108 3879 1170 3938 Ubi
1190 3896 1231 3938 ex

153 3961 296 4020 contextu
310 3960 454 4018 sermonis
463 3959 539 4019 haec
550 3957 701 4018 vocabula
714 3957 842 4032 intelligi
855 3961 1008 4034 poterant,
1019 3975 1097 4036 quae
1108 3956 1229 4033 desunt,

155 4040 369 4116 complevimus
383 4042 415 4096 ec
426 4038 524 4098 literis
537 4037 714 4098 minusculis
728 4036 927 4095 indicarimus
940 4067 966 4098 n.

226 4121 255 4177 2.
275 4114 1230 4192 Praecedenssententiaitaquoquevertipotest:“QuiamaJ'or

154 4199 213 4254 erat
225 4197 328 4270 homo,
347 4197 379 4254 in
399 4215 458 4274 quo
476 4197 623 4256 Dominus
643 4197 749 4254 noster
768 4194 995 4268 humiliabatur,
1016 4212 1104 4270 quem
1121 4193 1183 4268 ills,
1196 4193 1228 4250 in

155 4291 218 4352 quc,
233 4277 306 4335 dum
320 4293 447 4351 magnus
462 4280 494 4334 et
511 4276 663 4350 gloriosus
683 4278 759 4347 erat,
770 4271 966 4335 habitabsta.
986 4273 1081 4340 Quasi
1095 4270 1226 4331 diceret:

152 4351 248 4434 Major
262 4358 331 4414 erat
342 4355 479 4414 Adamus
494 4354 657 4432 secundus,
666 4373 761 4432 ¹quem
774 4349 910 4412 Adamns
925 4351 1050 4430 primus.
1080 4380 1081 4384 =

227 4437 256 4494 3.
276 4435 386 4494 Psnnu.
401 4436 448 4510 81,
464 4437 491 4492 6.
1050 4511 1068 4582 1
