3330 5200
1251 360 1297 432 85

206 485 346 583 plicans
355 485 590 562 Pharisaeum
605 493 783 583 argueret.
794 488 865 562 Sed
879 487 1064 578 ecce‚‘licet
1077 513 1182 585 nunc,
1193 495 1298 588 quasi

206 593 244 662 in
271 592 430 665 medium
448 593 597 690 projecti
622 601 663 666 ut
690 591 857 666 Salomon
875 591 913 664 in
929 594 1082 666 mediam
1105 595 1295 670 mulierum

205 697 437 769 1111111111111
464 697 723 791 incidissemus,
749 705 880 785 temen,
908 698 1048 771 etiamsi
1069 705 1109 770 ut
1128 699 1295 774 Salomon

205 801 301 873 inter
319 801 488 875 mulieres
506 825 746 902 versaremus,
764 824 836 872 non
855 799 900 872 ad
922 799 1036 876 instar
1055 803 1256 877 Salomonis
1274 831 1297 878 a

205 905 418 978 mulieribus
436 905 614 979 vulnerati
641 927 775 978 sumus.
794 903 907 978 Filiae
928 906 1021 978 enim
1044 908 1203 1002 gentium
1232 909 1296 982 Sa·

204 1007 384 1082 lomonem
403 1033 424 1082 a
442 1010 540 1082 cultu
567 1008 636 1081 Dei
655 1009 699 1081 ad
718 1033 784 1082 sua
811 1009 908 1080 idola
933 1009 1113 1085 illecebris
1141 1012 1214 1084 suis
1240 1037 1296 1085 se·
1330 1047 1332 1056 ·

205 1113 399 1204 duxerunt,
414 1113 550 1187 sedhic
564 1112 670 1186 fidem
685 1113 840 1186 filiarum
855 1113 1044 1208 gentilium
1058 1115 1127 1187 lide
1142 1116 1296 1190 filiarum

204 1218 452 1291 Hebraeorum
467 1218 637 1314 majorem
654 1217 911 1314 praedicamus.
931 1216 1132 1291 Salomonis
1161 1243 1294 1294 uxores

208 1345 296 1394 sano
314 1345 378 1395 suo
397 1345 543 1418 corpore
563 1344 685 1394 sanam
704 1321 809 1394 fidem
829 1321 1030 1396 Salomonis
1049 1323 1225 1397 infirmam
1243 1325 1293 1396 fe·
1382 1358 1385 1364 ·

205 1434 342 1520 cerunt,
360 1427 450 1500 istae
468 1449 554 1500 vero
581 1427 765 1498 sanatione
792 1449 857 1498 sua
882 1425 1060 1500 infirmam
1076 1436 1236 1502 nostram
1254 1429 1295 1502 fi-

205 1529 288 1602 dem
307 1531 396 1602 miro
414 1529 518 1602 modo
538 1531 682 1602 sanitati
702 1529 907 1604 restituunt.

308 1632 397 1722 Quis
410 1633 626 1726 inveniatur,
640 1635 726 1730 quin
738 1634 844 1729 hujus
859 1633 1019 1708 mulieris
1035 1635 1104 1708 fide
1118 1634 1292 1708 sanetur?

204 1735 314 1808 Fides
334 1739 411 1836 ejus
438 1739 576 1810 fluxum
602 1737 798 1834 sanguinis
815 1736 876 1832 qui
894 1736 1077 1812 duodecim
1097 1763 1161 1835 per
1180 1763 1291 1812 anuos

203 1843 382 1936 currebat,
402 1842 517 1916 subito
535 1843 638 1938 quasi
657 1843 695 1914 in
707 1842 779 1914 ictu
797 1839 891 1913 oculi
908 1844 1133 1939 compescuit.
1151 1845 1292 1932 Rursus

206 1967 270 2040 per
289 1945 436 2042 longum
454 1951 595 2041 tempus
614 1946 719 2018 multi
737 1943 866 2018 medici
886 1967 963 2017 eam
982 1948 1210 2044 aspiciebant,
1229 1949 1293 2041 scd

205 2048 363 2122 medicus
390 2048 453 2120 ille
480 2049 698 2145 Unigenitus
715 2073 786 2122 uno
810 2049 982 2146 temporis
1010 2060 1188 2124 momento
1214 2075 1292 2124 eam

205 2154 356 2249 aspexit.
377 2153 448 2226 Per
465 2154 597 2226 multos
615 2177 738 2247 annos,
756 2151 885 2248 quibus
904 2153 1034 2228 mulier
1052 2154 1200 2228 medicis
1215 2163 1293 2228 ute·

205 2247 322 2350 batur,
350 2280 510 2354 expensa
536 2258 612 2354 ejus
639 2256 752 2330 multa
770 2257 944 2353 dissipata
962 2267 1063 2355 sunt;
1092 2260 1156 2332 sed
1182 2283 1291 2356 quum

203 2383 273 2433 uno
291 2368 471 2434 momento
488 2362 625 2434 medico
643 2369 766 2434 nostro
782 2369 955 2456 uteretur,
973 2361 1087 2458 ipsius
1107 2363 1292 2458 cogitatio-

204 2487 268 2538 nes
287 2464 482 2562 dissipatae
500 2465 539 2538 in
556 2489 628 2538 una
645 2465 714 2537 fide
733 2462 905 2538 collectae
925 2472 1016 2538 sunt.
1035 2466 1160 2539 Donec
1178 2476 1291 2542 terre·

203 2576 296 2642 11111
314 2569 444 2642 medici
462 2593 541 2642 eam
560 2575 738 2662 curarent,
766 2592 925 2666 expensa
951 2571 1137 2644 terrestria
1155 2572 1207 2646 eis
1230 2573 1291 2646 da-

203 2675 285 2768 bat,
305 2698 415 2770 quum
432 2697 518 2747 vero
536 2673 700 2746 coelestis
720 2673 881 2746 medicus
901 2673 934 2746 ei
952 2675 1188 2772 apparuisset,
1214 2699 1292 2749 coc-

204 2775 333 2850 lestem
349 2777 456 2850 fidem
474 2777 507 2850 ei
520 2778 659 2852 obtulit.
674 2777 779 2849 Dona
795 2777 980 2850 terrestria
998 2780 1092 2874 apud
1106 2779 1291 2854 terricolas

205 2880 243 2952 in
262 2888 361 2954 terra
379 2883 581 2974 manebant,
603 2882 667 2956 sed
681 2880 773 2953 dona
792 2880 994 2978 spiritualia
1011 2882 1057 2954 ad
1074 2907 1207 2957 numen
1219 2885 1291 2982 spi-

206 2984 338 3058 rituale
356 2985 394 3058 in
412 2985 523 3059 altum
541 2988 784 3083 portabantur.

287 3088 443 3162 Medici
460 3089 600 3164 dolores
617 3089 732 3162 morbi
758 3095 798 3160 ut
821 3089 954 3162 bestias
981 3091 1100 3164 furore
1127 3091 1291 3166 incitatas

206 3193 374 3268 remediis
394 3194 466 3266 suis
485 3191 706 3292 permulcere
725 3193 926 3284 studebant,
953 3188 1063 3290 quar’c
1090 3203 1126 3268 et
1151 3194 1292 3270 dolores

204 3304 244 3370 ut
262 3298 396 3372 bestiae
413 3297 623 3372 furibundae
642 3320 702 3370 eos
720 3304 756 3369 et
775 3320 897 3370 eorum
926 3299 1085 3372 remedia
1110 3299 1148 3372 in
1169 3324 1291 3374 omnes

204 3408 326 3498 partes
346 3401 613 3499 dispergebant.
641 3401 759 3491 Quum
786 3425 871 3476 vero
898 3426 1021 3476 omnes
1046 3404 1210 3480 homines
1226 3407 1292 3479 hos

205 3506 347 3580 dolores
365 3505 490 3602 fugere
512 3505 726 3603 coepissent,
752 3505 963 3596 festinanter
981 3530 1003 3578 a
1019 3508 1159 3582 fimbria
1184 3509 1293 3583 resti-

205 3611 318 3683 menti
334 3610 449 3684 virtus
461 3611 607 3684 Domini
621 3610 745 3704 exivit,
765 3633 855 3704 quac
869 3633 929 3684 eos
944 3634 1140 3706 aggressus
1160 3613 1290 3686 exinde

206 3714 365 3788 cohibuit
382 3721 418 3788 et
436 3715 480 3787 de
493 3714 567 3788 illis
580 3713 823 3810 triumpharit.
838 3715 895 3788 Ab
909 3738 980 3786 uno
993 3713 1146 3790 ludibrio
1161 3717 1292 3792 fiebant

206 3817 261 3890 illi
279 3817 431 3911 dolores,
446 3818 608 3916 aquibus
627 3818 731 3891 multi
747 3817 900 3892 ludibrio
917 3817 1030 3894 habiti
1049 3827 1160 3894 erant.
1174 3821 1292 3894 Unius

206 3922 335 3996 medici
351 3945 482 3995 nomen
499 3922 716 3996 celebratum
734 3929 789 3994 est
802 3946 867 4018 per
880 3925 1053 4017 morbum,
1067 3923 1129 4019 qui
1141 3932 1290 4022 propter

205 4027 336 4100 multos
353 4026 529 4101 adhibitos
547 4027 703 4099 medicos
730 4025 838 4120 longe
861 4025 1002 4122 lateque
1029 4026 1290 4104 diffamabatur.

207 4129 324 4220 Quum
342 4130 503 4203 mulieris
521 4155 646 4204 manus
664 4131 787 4203 multis
807 4131 984 4227 stipendia
1003 4131 1115 4227 daret,
1144 4134 1289 4205 morbus

208 4236 283 4331 ejus
310 4259 356 4307 ne
383 4235 559 4308 modicum
595 4234 738 4331 quidem
772 4233 937 4308 levamen
963 4236 1122 4333 accepit3
1149 4235 1290 4331 quando

290 4472 316 4526 1.
338 4468 385 4527 Sc.
400 4468 582 4546 peccatricis
597 4474 629 4529 11
641 4470 899 4532 hemorrhoissae.
