3330 5200
363 513 400 580 υτ
416 506 454 577 in
472 507 651 599 abyssum,
670 502 799 598 refugii
818 503 873 575 sui
886 503 1041 597 domum,
1055 529 1092 578 sc
1110 501 1298 602 reciperet,
1313 503 1457 600 eoquo·

362 633 431 705 que
458 631 539 678 eum
565 615 774 704 persecutus
802 613 866 699 est,
893 609 1033 702 quando
1059 609 1109 680 ibi
1134 607 1272 681 vinctos
1292 606 1400 680 solvit
1417 613 1455 693 et

360 711 516 784 inclusos
536 710 671 782 eduxit.
692 709 795 797 Quod
811 709 873 780 ille
893 711 1093 806 suspicatus
1109 711 1290 807 persuasit
1316 709 1455 781 crucifi-

361 813 541 910 gentibus,
559 819 599 884 ut
618 812 798 884 dicerent:
829 811 1053 906 “Descendq
1071 813 1256 906 descende,
1274 819 1314 884 υτ
1331 811 1453 883 ridea-

360 923 495 988 muset
480 915 726 988 tcredamus
717 937 755 986 m
772 914 836 984 τυ
844 922 941 1007 „,ut
901 917 1068 987 utforsit
1054 924 1116 987 tan
1141 916 1208 990 hoc
1226 869 1329 987 niodo
1348 913 1453 1008 quasi

360 1025 447 1090 vent
448 1043 490 1090 us
433 1018 689 1089 ardens
654 1025 689 1088 e
702 1024 783 1114 pest
769 1017 901 1088 tilens'
891 1041 929 1087 m
947 1040 1011 1088 sua
1029 1041 1110 1090 arce
1128 1025 1255 1113 posset
1269 1017 1454 1113 quiescere

465 1119 696 1192 Videbam
732 1143 872 1214 ego
852 1119 1081 1214 Sartonam,
1117 1121 1238 1236 quod
1273 1117 1453 1191 decidi

362 1221 499 1318 quasi
525 1221 703 1296 fulmen
739 1222 792 1292 de
819 1220 963 1313 ecclc,
991 1246 1062 1293 non
1080 1245 1121 1294 ac
1140 1246 1170 1292 sr
1188 1222 1340 1294 incaelo
1365 1220 1454 1292 fuist

362 1333 440 1396 set·
404 1325 526 1417 t,h0c
543 1347 767 1420 nequaquam
786 1323 962 1419 significat
965 1379 973 1416 ,
992 1325 1085 1420 quod
1103 1324 1211 1396 dicit:
1173 1325 1420 1420 ttSuprase
1385 1323 1453 1394 tl·

360 1427 415 1499 las
434 1428 613 1499 coelorum
631 1434 801 1523 ponamt
786 1427 953 1498 thronum
985 1427 1144 1518 meum2,
1171 1428 1234 1499 sed
1253 1452 1274 1498 a
1292 1451 1358 1499 sua
1377 1449 1453 1496 ma

360 1538 440 1624 gmt
414 1529 602 1601 tudinet
566 1537 602 1600 υτ
621 1553 642 1600 υ
661 1552 724 1600 υυο
741 1529 943 1624 principatu
962 1537 999 1601 et
1016 1484 1169 1601 dominio
1183 1530 1360 1621 videbam,
1386 1529 1436 1599 ait
1437 1570 1452 1581 -

360 1634 527 1706 Satanam
546 1633 589 1704 de
609 1631 717 1703 coelis
735 1631 918 1702 cadentem
937 1632 1040 1727 quasi
1055 1633 1201 1705 fulmen.
1218 1633 1303 1704 Non
1321 1631 1460 1723 cecidit,

354 1735 406 1806 de
420 1735 530 1814 coelis
545 1735 629 1829 quia
643 1743 678 1805 υτ
692 1733 839 1826 fulmen,
853 1734 947 1830 quod
962 1758 982 1805 a
995 1738 1088 1806 nube
1104 1734 1275 1830 gignitur,
1293 1735 1336 1806 de
1355 1733 1454 1804 caelo

362 1837 489 1909 cadere
507 1860 579 1907 non
596 1843 723 1932 potest.
745 1836 819 1908 Cur
838 1860 924 1930 ergo
943 1837 1053 1908 dixit:
1086 1837 1140 1909 De
1180 1837 1287 1908 coelis
1323 1835 1453 1916 cecidit

359 1940 474 2012 veluti
490 1939 647 2012 fulmen?
666 1939 758 2028 Quia
776 1939 891 2012 subito
910 1940 983 2010 ictu
1000 1939 1093 2011 oculi
1120 1941 1270 2013 Satanas
1288 1939 1455 2010 victorio·

365 2067 425 2115 sae
445 2042 544 2114 cruci
563 2043 743 2137 subjectus
762 2048 827 2113 est.
853 2041 1048 2136 Postquam
1064 2043 1229 2114 homines
1247 2041 1339 2114 viles
1357 2041 1454 2113 uncti

363 2151 446 2216 sunt
476 2144 742 2237 ablegationem
761 2167 800 2215 se
817 2144 990 2215 mittentis
1008 2151 1233 2240 acceperunt,
1255 2152 1387 2216 etcum
1407 2144 1454 2216 si-

361 2247 443 2340 gnis
470 2247 623 2318 insolitis
649 2248 695 2318 ad
720 2245 896 2318 tollendos
922 2249 1063 2318 morbos
1090 2254 1126 2319 et
1152 2241 1291 2320 dolores
1320 2255 1355 2320 ὐτ
1381 2245 1453 2318 alia

243 2407 247 2416 .
307 2423 317 2446 ,
361 2349 481 2424 tristia
497 2351 592 2421 mala
612 2349 733 2420 emissi
751 2355 844 2441 sunt,
863 2349 1102 2445 subjungitur,
1129 2350 1296 2422 Satanam
1316 2351 1453 2444 aprin-

362 2452 482 2548 cipatu
509 2475 574 2524 suo
600 2451 718 2524 subito
743 2451 926 2544 cecidisse,
951 2458 991 2522 ut
1007 2452 1142 2524 fulmen
1161 2453 1204 2524 de
1221 2456 1327 2525 nube.
1354 2452 1454 2526 Sicut

355 2554 498 2628 ¹fulmen
516 2578 535 2625 e
553 2555 630 2626 loco
658 2577 723 2624 suo
749 2577 933 2646 egressum
960 2579 1153 2650 numquam
1171 2556 1374 2650 revertitur,
1401 2555 1454 2625 ita

363 2664 400 2730 υτ
418 2658 568 2730 Satanas
587 2655 714 2728 cecidit
728 2657 814 2728 etin
828 2681 931 2730 suum
945 2657 1182 2753 principatum
1195 2683 1376 2754 nunquam
1394 2681 1452 2730 re·

354 2760 543 2832 'stituetur
562 2759 655 2847 Quia
673 2758 815 2854 justitia
842 2766 1043 2855 serpentem
1061 2761 1107 2830 ad
1124 2761 1329 2832 calcaneum
1351 2783 1453 2831 accu-

361 2886 441 2936 rere
458 2863 632 2959 permisit,
647 2861 889 2933 misericordia
902 2862 1105 2934 calcaneum
1124 2863 1277 2937 elevavit
1294 2887 1359 2958 per
1373 2887 1452 2935 cru-

361 2989 451 3058 cem,
477 2972 517 3037 ut
543 2971 685 3061 recepta
711 2971 888 3060 potestate
905 2972 1104 3060 serpentem
1125 2973 1319 3061 superaret.
1348 2965 1452 3058 Quod

361 3091 427 3164 per
454 3069 663 3186 sequentia
665 3067 823 3138 declarat
849 3067 993 3138 dicens:
1024 3068 1080 3138 Et
1107 3091 1280 3139 omnem
1306 3067 1451 3140 virtu-

362 3172 489 3241 tem
479 3195 675 3260 rnrmrcr,
703 3192 793 3264 quae
820 3194 884 3265 per
911 3193 1052 3241 crucem
1077 3171 1319 3242 contrittaes.
1295 3169 1453 3242 tPorrc
1503 3213 1513 3236 .

362 3272 472 3343 dicit:
489 3275 607 3345 Ecce
634 3271 743 3344 dedi
770 3272 1004 3384 vobispot
1014 3279 1117 3344 esta
1071 3273 1451 3346 ttemcalcandi

362 3382 618 3470 serpentes
645 3382 689 3446 υ
717 3363 1451 3470 scorprones,qu1aabsulrt,errorem

358 3475 420 3571 qui
438 3477 603 3571 regnavit
617 3501 686 3649 per
703 3483 916 3571 serpentem,
936 3483 977 3548 ut
992 3485 1122 3570 regnet
1138 3479 1272 3550 veritas
1292 3481 1368 3575 ejus
1388 3478 1450 3574 qui

360 3578 631 3674 deditpotestat
634 3603 689 3650 em
707 3578 866 3650 calcandi
884 3587 1070 3674 serpentes
1089 3587 1125 3652 υτ
1144 3581 1358 3676 scorpiones,
1377 3581 1399 3652 i.
1420 3604 1451 3652 e.

359 3704 465 3854 reges
479 3705 612 3754 eorum.
627 3682 719 3770 Quia
731 3681 908 3777 percussit
920 3682 982 3754 ille
997 3683 1200 3755 calcaneum
1212 3685 1323 3777 Evae,
1339 3683 1453 3755 calca-

360 3785 413 3856 vit
432 3807 513 3856 eum
530 3808 593 3881 pes
611 3785 758 3857 Mariae

359 3901 362 3906 '
465 3886 599 3959 Grat
566 3895 660 3960 t1as
687 3911 772 3982 ago
798 3887 899 3977 tibi,
927 3887 1013 3960 Ρυτ
998 3895 1070 3960 ter
1097 3887 1233 3983 (Mara
1251 3890 1307 3980 11,
1321 3887 1450 3980 25-30)

359 3988 593 4062 coelestis
620 3991 674 4085 (in
692 3991 830 4064 Graeco
847 3990 956 4062 dicit:
985 3991 1086 4063 Grat
1061 3997 1129 4064 tras
1156 4013 1223 4085 ago
1249 3943 1325 4083 tibi,
1351 3990 1452 4062 Deus

441 4195 473 4250 1.·
492 4193 592 4252 Maro.
608 4196 654 4269 15,
666 4199 714 4253 32.
729 4197 842 4256 Sensus
855 4197 918 4255 es
930 4198 981 4270 Ut,
994 4215 1020 4253 s1
1013 4197 1173 4256 Christus
1188 4198 1265 4256 haec
1277 4196 1373 4256 verba
1384 4215 1452 4256 cru

359 4269 549 4347 cingentium
565 4273 692 4330 audiens
709 4275 745 4334 de
761 4293 852 4334 cruce
868 4238 1080 4352 descenderet,
1095 4275 1250 4336 Satanas
1242 4295 1273 4334 m
1296 4293 1353 4334 sua
1364 4279 1453 4355 pote-

293 4395 295 4404 ,
362 4353 443 4414 state
458 4367 582 4408 manere
597 4351 713 4427 posset.

440 4428 669 4505 21s14,13.
