3268 5220
338 377 437 457 ,32

389 521 483 604 'quae
501 505 676 578 medicum
693 507 962 603 annunciatum,
988 508 1049 605 qui
1075 506 1205 582 vulnus
1223 505 1354 582 Adami
1380 527 1484 578 sana·
1618 561 1619 570 ,

393 618 493 684 turus
511 616 596 684 erat.
625 610 695 699 Qui
711 611 837 707 Magos
857 635 921 707 per
939 612 1191 688 revelationem
1214 617 1409 703 monuerat,
1436 630 1483 680 ne

393 716 438 787 ad
464 715 645 818 Herodem
665 714 833 810 redirent,
850 716 923 790 illis
941 718 1107 815 (Iosepho
1130 723 1165 788 et
1182 715 1334 808 Mariae)
1363 715 1401 786 in
1426 735 1484 786 re·

392 817 567 892 velatione
593 819 784 916 praecepit,
810 828 850 892 ut
877 844 923 894 ex
949 824 1116 918 Aegypto
1142 821 1385 912 ascenderent,
1413 839 1484 912 quo

393 947 543 996 ascensu
562 923 652 1009 duae
670 923 903 1020 implerentur
921 925 1139 1023 prophetiae,
1165 947 1246 1016 una,
1265 946 1356 1022 quae
1375 920 1484 996 dicit:

392 1027 458 1100 Ex
475 1034 590 1100 11111
607 1026 955 1124 Aegyptiorum
972 1030 1146 1102 vocabo
1164 1027 1323 1100 filium
1340 1048 1482 1118 meum,
1618 1023 1619 1092 ζ

397 1137 433 1202 11
459 1131 593 1204 altera:
621 1131 799 1203 Rachel
825 1131 1056 1228 plorabat.
1087 1131 1394 1229 Implebatur,
1421 1126 1485 1222 ait,
1618 1197 1619 1234 ξ

393 1239 595 1329 verbum,
622 1236 741 1330 quod
769 1236 945 1309 dictum
972 1244 1043 1310 est
1070 1260 1151 1335 per
1178 1235 1425 1309 Ieremiam
1447 1241 1485 1306 et
1618 1321 1619 1348 3

393 1338 539 1436 reliqua.

758 1651 989 1727 CAPUT
1033 1654 1116 1727 III.

496 1967 552 2039 Et
578 1991 711 2063 quum
738 1966 954 2040 Herodes
980 1967 1181 2060 videret,
1208 1963 1326 2062 quod
1353 1963 1484 2036 delu-

395 2093 472 2142 sus
500 2077 631 2143 esset
658 2094 679 2142 a
704 2069 868 2166 Magis,
894 2071 1150 2158 iratusest
1175 2070 1313 2144 valde
1340 2068 1483 2140 et'mi-
1618 2077 1619 2106 1

394 2173 1483 2272 1111111111111111111111111111(Μ1111.2,16-23).

364 2331 368 2340 1
391 2279 442 2350 At
458 2285 509 2373 tu,
527 2277 848 2376 injusteHerodes,
875 2301 991 2350 nonne
1014 2278 1155 2372 audisti,
1181 2279 1349 2351 nuncium
1367 2300 1483 2372 nuper
1618 2299 1619 2306 ³

393 2382 468 2453 nati
485 2383 581 2478 regis
600 2383 708 2456 fuisse
728 2381 897 2454 stellam?
917 2381 991 2454 Cur
1005 2407 1077 2488 non
1088 2382 1291 2478 perpendis,
1309 2405 1418 2477 quum
1436 2379 1481 2450 de

392 2486 502 2558 coelis
522 2493 586 2582 est,
614 2493 648 2558 te
675 2485 774 2582 operi
799 2485 943 2558 coelesti
961 2487 1128 2560 resistere
1145 2509 1217 2558 non
1233 2483 1368 2582 posse?
1389 2483 1483 2572 Quia

391 2589 553 2662 Herodes
572 2597 703 2664 matres
718 2590 908 2663 carissimis
923 2589 996 2663 suis
1010 2591 1093 2663 filiis
1111 2593 1308 2684 orbaverat,
1324 2587 1483 2662 vindicta

392 2691 430 2765 in
447 2695 560 2768 tribus
578 2694 662 2768 filiis
683 2703 719 2767 et
736 2717 849 2766 uxore
868 2695 945 2791 ejus
964 2701 1104 2791 sumpta
1122 2699 1187 2788 111,
1214 2693 1343 2791 etipse
1361 2714 1483 2764 amara
1618 2699 1619 2748 3

392 2804 505 2871 morte
523 2797 639 2895 periit.

494 2903 657 2976 Herodes
675 2901 835 2998 nescivit,
853 2925 924 2998 qua
939 2903 1074 2976 ratione
1093 2924 1170 2974 rem
1188 2899 1402 2998 exploraret,
1420 2899 1483 2973 ob·
1530 2971 1534 2976 .

390 3012 552 3078 coecatus
580 3007 674 3080 enim
699 3005 933 3080 aemulatione
960 3008 1006 3079 ad
1032 3005 1269 3102 cognitionem
1294 3002 1482 3101 pervenire

390 3110 559 3205 nequivit.
572 3111 685 3184 Sicuti
694 3136 803 3184 unum
817 3110 999 3184 oraculum
1011 3111 1205 3207 prophetae
1222 3107 1405 3181 Michaeas
1420 3129 1486 3179 ex*

391 3213 573 3308 quisierat,
591 3215 641 3288 ita
658 3215 764 3288 etiam
790 3213 972 3286 oraculum
985 3214 1099 3287 Isaiae
1125 3213 1228 3286 facile
1251 3212 1366 3309 potuit
1382 3211 1484 3283 inda·
1618 3229 1619 3312 }

389 3339 493 3410 gare..
504 3317 597 3389 Nam
616 3325 651 3390 11
664 3318 796 3390 familia
810 3326 846 3390 et
857 3324 971 3390 mater
985 3325 1021 3390 et
1034 3317 1158 3391 civitas
1177 3322 1212 3389 11
1227 3323 1368 3412 tempus
1386 3314 1483 3387 Mes·
1618 3319 1619 3348 l

391 3419 464 3490 siae
482 3421 640 3493 revelata
658 3432 781 3516 erant,
807 3421 942 3508 familia
959 3423 1035 3518 ejus
1053 3422 1097 3493 de
1116 3421 1219 3493 domo
1242 3420 1370 3514 David,
1390 3419 1483 3492 sicut

389 3522 495 3597 Iacob
515 3525 666 3620 dixerat,
691 3531 856 3599 11111111
874 3526 962 3622 ejus,
989 3526 1083 3622 quod
1100 3525 1202 3621 virgo
1221 3531 1285 3618 est,
1312 3531 1352 3595 ut
1367 3523 1482 3596 Isaias

390 3627 676 3724 prophetaverat,
694 3637 730 3702 et
748 3629 872 3704 civitas
898 3630 974 3726 ejus
996 3629 1218 3723 Bethlehem,
1238 3635 1280 3700 ut
1300 3626 1483 3700 Michaeas

389 3731 629 3828 praedixerat,
644 3742 680 3807 et
692 3740 832 3831 tempus
847 3735 934 3832 ejuS,
950 3735 1041 3806 sicut
1054 3733 1222 3806 dixerunt
1238 3730 1348 3828 Magi.
1365 3731 1483 3804 Porro
1618 3715 1619 3780 l

392 3858 438 3906 ex
465 3836 701 3936 descriptione
729 3846 845 3911 terrae
863 3862 927 3935 111
945 3838 1125 3910 Romanos
1152 3837 1335 3930 didicerat,
1360 3835 1481 3908 Iesum
1618 3861 1619 3898 3

390 3938 502 4012 filium
528 3942 671 4038 Iosephi
696 3943 907 4040 inscriptum
933 3965 1011 4014 esse
1037 3944 1082 4014 ab
1109 3942 1161 4014 eis
1188 3939 1313 4038 quiin
1341 3937 1480 4012 tabulas

390 4065 471 4116 eum
489 4045 685 4119 retulerant
699 4047 723 4120 ⁴.
742 4047 844 4120 Licet
860 4047 948 4120 haec
965 4047 1081 4118 omnia
1101 4045 1270 4138 novisset,
1286 4051 1405 4116 tamen
1422 4065 1482 4114 ae-

390 4148 587 4221 mulatione
600 4150 794 4224 inebriatus
809 4173 889 4222 eum
902 4149 1145 4247 cognoscendo
1163 4149 1278 4245 impar
1290 4147 1366 4220 fuit.
1381 4145 1481 4223 Sauli

393 4251 518 4326 similis
533 4260 621 4348 erat,
639 4255 711 4350 qui,
730 4278 838 4352 quum
856 4253 942 4327 1111
961 4253 1144 4350 sanguinis
1161 4252 1290 4346 David,
1311 4274 1415 4349 quem
1434 4249 1483 4320 si-

241 4527 244 4538 .
352 4525 363 4550 .
470 4493 495 4548 1.
514 4490 564 4546 Ita
577 4489 608 4547 in
624 4488 689 4548 cod.
705 4488 739 4547 Β.
760 4488 796 4545 In
811 4485 879 4546 cod.
893 4488 921 4546 A
942 4488 1039 4548 falso:
1057 4465 1139 4556 “oui
1154 4502 1223 4545 eum
1236 4485 1420 4544 invenerunt
1432 4514 1460 4546 n.
