3344 5200
1238 375 1316 456 231.

219 499 373 598 populus
398 499 436 574 in
462 503 611 575 mortem
638 499 754 573 crucis
781 522 862 571 eum
889 501 1085 578 traditurus
1121 511 1208 578 erat.
1237 504 1312 578 Sed

219 627 329 700 quum
347 603 407 680 isti
424 603 536 698 signis
551 609 587 675 et
604 601 785 676 miraculis
799 602 875 698 ejus
894 627 1017 678 aurem
1035 629 1106 679 non
1125 609 1312 704 praebuit·

221 713 313 802 sent,
339 715 561 803 nequaquam
596 705 825 780 crucifixione
861 707 938 802 ejus
974 709 1201 805 interierunt,
1227 711 1314 808 quia

219 815 411 906 antequam
440 809 671 902 occideretur,
692 809 769 906 jam
799 808 1025 906 interierant,
1057 835 1166 909 quum
1197 814 1312 909 signis

221 913 297 1009 ejus
314 936 387 985 non
403 909 650 984 credidissent.

325 1015 374 1090 Si
398 1013 512 1087 fieri
552 1019 734 1110 potest,
769 1019 991 1088 transeat
1025 1041 1046 1090 a
1075 1040 1141 1090 me
1181 1018 1310 1094 calix

222 1119 329 1206 iste.
356 1115 460 1206 Quod
478 1115 571 1188 dixit
587 1123 735 1212 propter
752 1113 1006 1214 infirmitatem,
1024 1126 1190 1216 quaerat
1207 1121 1313 1195 iudu-

221 1228 293 1316 tus,
311 1219 482 1317 quianon
498 1219 537 1290 in
562 1217 653 1290 falsa
679 1218 810 1314 speeie,
829 1219 893 1292 sed
910 1219 949 1294 in
966 1222 1118 1296 veritate
1145 1246 1188 1295 eo
1207 1223 1311 1298 indu·

222 1331 281 1398 tus
300 1330 387 1398 erat.
405 1323 454 1394 Et
470 1321 502 1394 si
520 1320 559 1392 in
575 1321 728 1394 veritate
745 1320 907 1396 infirmus
925 1329 961 1396 et
986 1323 1191 1398 infirmitate
1209 1327 1313 1404 indu·

223 1418 388 1520 luserat,
404 1423 625 1521 impossibile
644 1431 721 1498 crat
737 1422 937 1498 infirmitati
955 1451 1027 1500 non
1043 1428 1170 1501 timere
1189 1437 1225 1502 et
1241 1453 1316 1505 nou

222 1528 437 1627 perturbari.
464 1527 557 1617 Quia
583 1549 726 1600 carnem
751 1536 994 1625 assumpserat
1011 1537 1047 1602 et
1072 1530 1314 1606 infirmitatem

222 1633 400 1724 induerat,
419 1631 457 1702 in
482 1631 574 1702 fame
601 1628 679 1702 cibo
705 1629 870 1723 refectus,
888 1630 925 1702 in
950 1632 1071 1707 labore
1101 1634 1318 1732 defatigatus

221 1741 259 1810 et
284 1736 323 1808 in
350 1757 474 1806 somno
501 1731 628 1806 debilis
665 1738 867 1828 compertus
902 1740 980 1830 est3
1016 1743 1052 1808 et
1078 1736 1141 1809 ubi
1174 1744 1315 1835 tempus

224 1837 350 1912 mortis
366 1859 451 1910 suae
468 1835 626 1929 advenit,
636 1834 796 1930 oportuit
808 1857 869 1907 eas
881 1858 952 1931 res,
966 1863 1056 1934 quae
1070 1839 1188 1912 carnis
1202 1851 1316 1933 erant,

223 1947 308 2014 tuno
336 1961 477 2035 quoque
513 1937 654 2034 perfici,
685 1961 769 2010 nam
800 1943 836 2008 et
865 1962 979 2032 angor
1007 1941 1142 2016 ‘mortis
1181 1945 1317 2018 instan-

224 2043 272 2116 tis
291 2064 373 2116 eum
390 2039 533 2135 invasit,
550 2046 591 2112 ut
617 2040 693 2136 ejus
710 2045 840 2112 natura
865 2043 1192 2141 manifestafieret,
1214 2047 1319 2120 nimi-

224 2169 305 2219 rum
324 2143 420 2240 quod
436 2143 532 2216 filius
558 2149 636 2216 erat
660 2142 762 2216 Adae
789 2142 900 2238 illius,
928 2170 1036 2243 super
1058 2169 1175 2243 quem,
1201 2158 1242 2224 ut
1268 2147 1319 2223 ait

227 2247 434 2345 Apostolus,
452 2269 548 2320 mors
566 2245 813 2319 dominabatur
828 2246 854 2320 ¹.
872 2247 929 2320 Et
947 2249 1073 2324 dixit
1098 2249 1152 2324 ed
1174 2253 1317 2327 disci-

227 2350 366 2448 pulos
393 2347 764 2443 suoszVigilatc
791 2355 836 2420 et
862 2358 1005 2447 orate,
1032 2375 1086 2424 ne
1117 2353 1322 2454 intretis·

160 2453 163 2472 '
228 2453 275 2532 in
298 2452 629 2528 tentationem.
649 2451 877 2547 Spiritus,
895 2454 1049 2548 ait,hic
1073 2465 1319 2555 promptus

227 2562 273 2628 et
298 2561 498 2652 paratus
526 2559 618 2642 est,
647 2553 727 2624 sed
754 2575 862 2643 paro
898 2556 1012 2630 haec
1037 2557 1245 2634 infirma.
1272 2562 1320 2636 Et

229 2657 260 2731 si
278 2659 317 2732 in
333 2657 445 2750 vobis,
462 2653 603 2752 quando
622 2653 768 2746 timetis,
782 2678 855 2730 non
873 2658 1021 2754 spiritus
1037 2666 1158 2734 vester
1175 2669 1240 2758 est,
1258 2665 1321 2764 qui

227 2761 342 2855 timet,
369 2759 434 2833 sed
460 2757 648 2830 infirmitas
675 2757 791 2830 carnis
817 2766 982 2856 vestrae,
1006 2759 1181 2858 quomodo
1207 2790 1274 2863 ego
1301 2793 1323 2840 a

229 2871 344 2938 morte
361 2862 475 2956 timui,
491 2859 563 2932 nisi
578 2866 620 2932 ut
637 2858 801 2932 timorem
818 2863 954 2956 mortis,
972 2887 1043 2960 quo
1061 2886 1154 2959 caro,
1172 2892 1244 2962 qua
1268 2871 1321 2943 in·

228 2967 337 3040 dutus
355 2989 446 3057 sum,
463 2961 629 3056 afficitur,
646 2961 749 3035 vobis
766 2965 991 3038 manifestum
1008 2966 1193 3046 facerem?

331 3068 371 3142 Si
388 3067 483 3143 enim
501 3065 635 3157 Simon,
653 3065 710 3137 oui
726 3089 799 3138 una
815 3068 946 3142 ancilla
971 3070 1135 3144 timorem
1161 3072 1320 3148 incusse-

228 3178 297 3262 rat,
314 3192 437 3244 omnes
462 3170 644 3243 Romanos
668 3191 741 3240 non
766 3169 896 3262 timuit,
916 3173 979 3245 sed
1006 3172 1124 3246 animo
1149 3176 1233 3248 lorti
1259 3202 1321 3254 eos

229 3272 417 3372 adjuravit,
434 3278 477 3344 ut
492 3267 607 3368 capite
625 3271 812 3344 interram
829 3297 934 3346 verso
958 3297 1039 3348 eum
1061 3277 1322 3375 crucifigerent,

232 3383 270 3450 et
287 3376 319 3450 si
336 3375 548 3472 Apostolus,
565 3375 696 3468 scienS,
714 3397 751 3446 se
769 3399 842 3448 nou
859 3378 965 3451 morti
981 3379 1139 3461 naturali
1157 3381 1323 3458 decessu-

231 3501 312 3553 rum
332 3501 422 3572 esse,
441 3476 556 3552 dixit:
579 3501 594 3536 u
611 3477 738 3550 Finem
750 3478 827 3573 jam
844 3479 1008 3556 desidero
1026 3488 1062 3557 et
1079 3487 1221 3579 tempus
1242 3487 1323 3560 dor-

232 3581 390 3659 mitionis
406 3603 507 3662 meae
525 3580 614 3654 mihi
639 3579 750 3652 instat
762 3579 792 3674 ²,
812 3583 988 3679 quomodo
1014 3584 1200 3678 Dominus,
1219 3589 1320 3684 cujus

233 3683 368 3756 auxilio
386 3682 554 3780 Apostoli
570 3689 722 3756 mortem
741 3706 842 3757 suurn
860 3684 1103 3783 despexerunt
1117 3689 1225 3785 juxta
1242 3714 1322 3765 ver-

231 3785 317 3858 bum
343 3785 442 3882 ejus:
472 3785 626 3858 “Nolite
651 3784 778 3856 timere
806 3809 878 3881 ecs,
904 3789 967 3884 qui
992 3789 1155 3863 occidunt
1182 3815 1322 3889 corpus,

231 3887 387 3961 animam
404 3894 525 3960 autem
542 3888 701 3960 cocidere
720 3909 792 3960 non
808 3899 986 3984 possunt„
1002 3890 1018 3936 ³
1034 3946 1042 3984 ,
1061 3895 1247 3988 quomodo,
1270 3897 1323 3969 di-

232 4011 286 4086 co,
303 3989 381 4088 ipse
398 3995 549 4064 mortem
566 3989 683 4086 potuit
704 3989 857 4063 timere?
883 3993 977 4066 Nam
997 4000 1033 4066 et
1049 3992 1322 4094 intempestivus

231 4093 268 4166 in
287 4093 425 4188 timore,
443 4093 481 4165 in
498 4114 568 4190 quo
587 4115 665 4167 esse
684 4096 887 4190 putabatur,
908 4095 1044 4171 fuisset.
1072 4096 1111 4172 si
1128 4097 1258 4196 timuit,
1281 4123 1323 4176 ea

313 4282 340 4338 1.
360 4279 438 4338 Rau·
456 4284 484 4352 5,
502 4284 548 4340 14.

312 4360 341 4414 2.
363 4358 431 4415 Tru.
446 4359 474 4433 4,
489 4361 517 4417 6.

311 4437 339 4491 3.
361 4436 460 4494 Maru.
477 4439 524 4512 10,
547 4440 595 4497 28.
